fiscalDateEnding,reportedCurrency,grossProfit,totalRevenue,costOfRevenue,costofGoodsAndServicesSold,operatingIncome,sellingGeneralAndAdministrative,researchAndDevelopment,operatingExpenses,investmentIncomeNet,netInterestIncome,interestIncome,interestExpense,nonInterestIncome,otherNonOperatingIncome,depreciation,depreciationAndAmortization,incomeBeforeTax,incomeTaxExpense,interestAndDebtExpense,netIncomeFromContinuingOperations,comprehensiveIncomeNetOfTax,ebit,ebitda,netIncome,Symbol
2023-12-31,USD,1757455000,3711378000,2242447000,2000804000,1057212000,228843000,469712000,700243000,57595000,-46313000,57595000,46313000,3757691000,29839000,None,90941000,1087051000,132785000,46313000,954266000,957922000,1133364000,1224305000,954266000,LRCX
2023-09-30,USD,1654702000,3438000000,2134823000,1827360000,1023029000,207023000,422629000,631673000,56564000,-45331000,56564000,45331000,3483331000,2601000,None,90479000,1025630000,138232000,45331000,887398000,866754000,1070961000,1161440000,887398000,LRCX
2023-06-30,USD,1458129000,3162459000,2051751000,1749128000,854605000,199831000,401951000,603524000,55829000,-46532000,55829000,46532000,3208991000,9010000,None,89604000,863615000,61078000,46532000,802537000,806926000,910147000,999751000,802537000,LRCX
2023-03-31,USD,1605612000,3816833000,2471257000,2263957000,942253000,193500000,429451000,663359000,41974000,-47217000,41974000,47217000,3864050000,-3331000,None,91663000,938922000,124914000,47217000,814008000,817784000,986139000,1077802000,814008000,LRCX
2022-12-31,USD,2376349000,5220794000,3147222000,2901220000,1680162000,233802000,462385000,696187000,26125000,-46661000,26125000,46661000,5267455000,-28234000,None,85414000,1651928000,183421000,46661000,1468507000,1493401000,1698589000,1784003000,1468507000,LRCX
2022-09-30,USD,2336835000,5034890000,3018657000,2737286000,1697840000,205620000,433375000,638995000,15056000,-46052000,15056000,46052000,5080942000,-43095000,None,75751000,1654745000,228866000,46052000,1425879000,1402096000,1700797000,1776548000,1425879000,LRCX
2022-06-30,USD,2100512000,4586946000,2832976000,2535042000,1479353000,210002000,411157000,621159000,6221000,-46228000,6221000,46228000,4633174000,-120448000,None,87932000,1358905000,149971000,46228000,1208934000,1196618000,1405133000,1493065000,1208934000,LRCX
2022-03-31,USD,1816625000,4014649000,2481599000,2243791000,1192097000,217408000,407120000,624528000,1938000,-46710000,1938000,46710000,4061359000,-57402000,None,84228000,1134695000,112917000,46710000,1021778000,1012258000,1181405000,1265633000,1021778000,LRCX
2021-12-31,USD,1977916000,4180570000,2504321000,2248688000,1338139000,236133000,403644000,639777000,2372000,-46765000,2372000,46765000,4227335000,17999000,None,81705000,1356138000,161308000,46765000,1194830000,1188452000,1402903000,1484608000,1194830000,LRCX
2021-09-30,USD,1976754000,4259392000,2629779000,2327711000,1372233000,222194000,382327000,604521000,4678000,-45056000,4678000,45056000,4304448000,-28857000,None,79874000,1343376000,163632000,45056000,1179744000,1162104000,1388432000,1468306000,1179744000,LRCX
2021-06-30,USD,1915201000,4091119000,2525900000,2229978000,1315927000,217525000,381749000,599274000,3723000,-51695000,3723000,51695000,4142814000,-7166000,None,78397000,1308761000,164104000,51695000,1144657000,1143826000,1360456000,1438853000,1144657000,LRCX
2021-03-31,USD,1780131000,3795959000,2289126000,2067523000,1195308000,203703000,381120000,584823000,4209000,-52236000,4209000,52236000,3848195000,-35320000,None,79453000,1159988000,88867000,52236000,1071121000,1063950000,1212224000,1291677000,1071121000,LRCX
2020-12-31,USD,1603795000,3399923000,2088941000,1852442000,1009724000,218899000,375172000,594071000,4796000,-52551000,4796000,52551000,3452474000,-29941000,None,76389000,979783000,110554000,52551000,869229000,895775000,1032334000,1108723000,869229000,LRCX
2020-09-30,USD,1506179000,3123590000,1933561000,1670901000,961064000,189748000,355367000,545115000,6959000,-52115000,6959000,52115000,3175705000,-38792000,None,72912000,922272000,98821000,52115000,823451000,834990000,974387000,1047299000,823451000,LRCX
2020-06-30,USD,1280332000,2741633000,1768415000,1511532000,755722000,185800000,338810000,524610000,9339000,-49250000,9339000,49250000,2790883000,-7553000,None,71083000,748169000,51496000,49250000,696673000,715138000,797419000,868502000,696673000,LRCX
2020-03-31,USD,1167007000,2462525000,1519092000,1336618000,694114000,164979000,307914000,472893000,18856000,-41580000,18856000,41580000,2504105000,-64619000,None,67248000,629495000,54714000,41580000,574781000,522352000,671075000,738323000,574781000,LRCX
2019-12-31,USD,1179644000,2538599000,1595520000,1403857000,686511000,174272000,318861000,493133000,25454000,-42615000,25454000,42615000,2581214000,-13924000,None,65530000,672587000,158077000,42615000,514510000,526823000,715202000,780732000,514510000,LRCX
2019-09-30,USD,981710000,2121222000,1406128000,1184036000,537455000,157428000,286827000,444255000,31784000,-43995000,31784000,43995000,2165217000,-12728000,None,64664000,524727000,58938000,43995000,465789000,457259000,568722000,633386000,465789000,LRCX
2019-06-30,USD,1080891000,2313311000,1513892000,1280256000,617085000,168228000,295578000,463806000,35062000,-45428000,35062000,45428000,2358739000,-7667000,None,65408000,609418000,67593000,45310000,541825000,540455000,654846000,720254000,541825000,LRCX
2019-03-31,USD,1074337000,2409505000,1591617000,1364711000,565517000,190306000,318514000,508820000,26966000,-30263000,9290000,30263000,2439768000,20532000,None,82274000,586049000,38659000,30263000,547390000,549422000,616312000,698586000,547390000,LRCX
2018-12-23,USD,1145033000,2505470000,1583038000,1377640000,690379000,169098000,285556000,454654000,17809000,-19784000,None,19784000,2525254000,-30649000,None,81794000,659730000,90875000,19784000,568855000,561892000,679514000,761308000,568855000,LRCX
2018-09-23,USD,1058198000,2309037000,1527073000,1272493000,591751000,174775000,291672000,466447000,18933000,-21788000,None,21788000,2330825000,-377000,None,79805000,591374000,58014000,21705000,533374000,533080000,613162000,692967000,533360000,LRCX
2018-06-30,USD,1479408000,3101526000,1928139000,1646520000,955195000,196500000,327713000,524213000,23265000,-24431000,None,24431000,29000,2954000,None,85119000,958149000,-62997000,23889000,1021141000,1029128000,982580000,1067699000,1021146000,LRCX
2018-03-31,USD,1330714000,2865316000,1799992000,1561401000,827511000,197791000,305412000,503203000,21761000,-25734000,None,25734000,-1065000,-55810000,None,82236000,771701000,-7099000,25734000,778800000,777529000,797435000,879671000,778800000,LRCX
2017-12-31,USD,1205567000,2558694000,1602933000,1375248000,737371000,186885000,281311000,468196000,20578000,-23317000,None,23317000,1196000,-3152000,None,79898000,734219000,744174000,23317000,-9955000,-21328000,757536000,837434000,-9955000,LRCX
2017-09-30,USD,1149343000,2451235000,1588982000,1328797000,693222000,181043000,275078000,456121000,20209000,-23905000,None,23905000,-3000000,-5502000,None,79142000,687720000,97030000,23905000,590720000,599603000,711625000,790767000,590690000,LRCX
2017-06-30,USD,1068961000,2316589000,1530292000,1275946000,607939000,175310000,285712000,461022000,17805000,-24912000,None,24912000,-3406000,-4444000,None,79036000,603495000,77071000,24839000,526385000,540326000,628407000,707443000,526424000,LRCX
2017-03-31,USD,971404000,2129922000,1388191000,1182591000,538418000,167000000,265986000,432986000,16345000,-24752000,None,24752000,679000,-7838000,None,76242000,530580000,-44133000,24752000,574680000,569188000,555332000,631574000,574713000,LRCX
2016-12-31,USD,846797000,1820344000,1234267000,1035502000,439828000,160165000,246804000,406969000,10945000,-26641000,None,26641000,-35314000,-55023000,None,77065000,384805000,52014000,62966000,332791000,319714000,411446000,488511000,332791000,LRCX
2016-09-30,USD,716197000,1592209000,1155794000,916222000,315947000,165010000,235240000,400250000,12763000,-41429000,None,41429000,1219000,-23154000,None,74562000,292793000,28958000,41429000,263835000,276168000,334222000,408784000,263835000,LRCX
2016-06-30,USD,698784000,1510819000,1074741000,847477000,309241000,152288000,237255000,389543000,8875000,-33479000,None,33479000,-1963000,-27249000,None,74976000,281992000,23053000,33479000,258924000,245496000,315471000,390447000,258939000,LRCX
2016-03-31,USD,571265000,1278456000,940908000,742790000,190753000,159018000,221494000,380512000,8148000,-38056000,None,38056000,2457000,-29834000,None,73664000,160919000,17468000,38056000,143451000,156342000,198975000,272639000,143451000,LRCX
2015-12-31,USD,626510000,1387469000,1005246000,799024000,238834000,166922000,220754000,387676000,6729000,-38577000,None,38577000,512000,-29935000,None,71798000,208899000,-14081000,38577000,222980000,217157000,247476000,319274000,222980000,LRCX
2015-09-30,USD,722363000,1574684000,1100996000,877680000,335428000,152726000,234209000,386935000,5760000,-24661000,None,24661000,-698000,-27121000,None,70590000,308307000,19628000,24661000,288679000,283517000,332968000,403558000,288679000,LRCX
2015-06-30,USD,641538000,1456810000,79444000,839832000,191035000,149384000,221675000,450503000,6856000,-24553000,None,24553000,-7000,-20353000,None,70177000,170682000,39411000,24553000,-158888000,136715000,195235000,265412000,131271000,LRCX
2015-03-31,USD,600602000,1377267000,975103000,792731000,239965000,142772000,217865000,360637000,5100000,-17628000,None,17628000,1562000,-11389000,None,70322000,228576000,22291000,17628000,206285000,188436000,246204000,316526000,206285000,LRCX
2014-12-31,USD,536657000,1216314000,886732000,695584000,188741000,151148000,196768000,347916000,4024000,-15797000,None,15797000,-130000,-9799000,None,69536000,178942000,2002000,15797000,176940000,170281000,194739000,264275000,176940000,LRCX
2014-09-30,USD,505539000,1145001000,863021000,646829000,168298000,148307000,188934000,337241000,3288000,-15704000,None,15704000,8337000,-5648000,None,67885000,162650000,21569000,15704000,141081000,131004000,178354000,246239000,141081000,LRCX
2014-06-30,USD,557036000,1318125000,918613000,691761000,215850000,155737000,185449000,341186000,3879000,-15472000,None,15472000,84800000,-9442000,None,71115000,289498000,56103000,15472000,233395000,231811000,304970000,376085000,233395000,LRCX
2014-03-31,USD,530798000,1211686000,889877000,696594000,191937000,152883000,185978000,338861000,3110000,-15621000,None,15621000,-85000,-9855000,None,73256000,182082000,17686000,15621000,164396000,152846000,197703000,270959000,164396000,LRCX
2013-12-31,USD,487789000,1100889000,818010000,628272000,164474000,148838000,174477000,323315000,2828000,-15297000,None,15297000,125000,-3837000,None,73552000,160637000,11645000,15297000,148992000,156826000,175934000,249486000,148992000,LRCX
2013-09-30,USD,431858000,999535000,820419000,583201000,105408000,155883000,170567000,326450000,2723000,-15302000,None,15302000,-222000,-14262000,None,74331000,91146000,5640000,15302000,85506000,90844000,106448000,180779000,85506000,LRCX
2013-06-30,USD,413927000,969228000,1477703000,572287000,86498000,147209000,180220000,327429000,3326000,-15114000,None,15114000,-1872000,-12251000,None,76051000,74247000,-11460000,15114000,85707000,80759000,89361000,165412000,85707000,LRCX
2013-03-31,USD,339832000,844928000,505096000,505096000,10819000,154807000,174206000,329013000,3235000,-15175000,None,15175000,-1294000,-15834000,None,74861000,-5015000,-24011000,15175000,18996000,19735000,10160000,85021000,18996000,LRCX
2012-12-23,USD,315414000,860886000,545472000,545472000,4042000,145421000,165951000,311372000,4376000,-14975000,None,14975000,-3274000,-13390000,None,78388000,-9348000,-15756000,14975000,6408000,15831000,5627000,84015000,6408000,LRCX
2012-09-23,USD,333886000,906888000,573002000,573002000,16712000,153863000,163311000,317174000,3800000,-15144000,None,15144000,-368000,-9938000,None,74816000,6774000,4006000,15144000,2768000,2679000,21918000,96734000,2768000,LRCX
2012-06-30,USD,298213000,741814000,443601000,442742000,32670000,142740000,124528000,265543000,4121000,-10934000,None,10934000,961000,-9889000,None,34576000,22781000,4712000,10934000,-25200000,439000,33715000,68291000,18069000,LRCX
2012-03-31,USD,267147000,658961000,391814000,391814000,58118000,95581000,113448000,209029000,2959000,-9422000,None,9422000,-126000,-3568000,None,22517000,54550000,8946000,9422000,45604000,62546000,63972000,86489000,45604000,LRCX
2011-12-31,USD,234826000,583981000,349155000,350014000,47546000,83256000,104024000,187280000,2472000,-9346000,None,9346000,-142000,-7785000,None,22372000,39761000,6549000,9346000,33212000,16516000,49107000,71479000,33212000,LRCX
2011-09-30,USD,283883000,680436000,396553000,396553000,99399000,80200000,102559000,184484000,2589000,-9260000,None,9260000,-1090000,-12073000,None,21360000,87326000,15488000,9260000,71838000,45643000,96586000,117946000,71838000,LRCX
2011-06-30,USD,338454000,752018000,413564000,413564000,142191000,79938000,99583000,196263000,8289000,-5062000,None,5062000,-2816000,-5131000,None,19972000,137060000,11132000,5062000,125928000,205538000,142122000,162094000,125928000,LRCX
2011-03-31,USD,374019000,809087000,435068000,435068000,196996000,80143000,96880000,177023000,2237000,-107000,None,107000,-1982000,1663000,None,18176000,198659000,16419000,107000,182240000,182240000,198766000,216942000,182240000,LRCX
2010-12-31,USD,407433000,870714000,463281000,463281000,241104000,75852000,90477000,166329000,2635000,-110000,None,110000,-3108000,1038000,None,18663000,242142000,20286000,110000,221856000,221856000,242252000,260915000,221856000,LRCX
2010-09-30,USD,377326000,805874000,428548000,428548000,223994000,72142000,86353000,153332000,None,None,None,101000,None,-979000,None,17948000,223015000,29291000,None,193724000,None,223116000,241064000,193724000,LRCX
2010-06-30,USD,321442000,695289000,373847000,378199000,155717000,66779000,85644000,165725000,None,None,None,126000,None,3541000,None,17664000,159258000,19261000,None,None,None,155717000,173381000,139997000,LRCX
2010-03-31,USD,292871000,632763000,339892000,339892000,149093000,61933000,81845000,143778000,None,None,None,434000,None,1616000,None,17872000,150709000,30408000,None,None,None,149093000,166965000,120301000,LRCX
2009-12-31,USD,221187000,487176000,265989000,263972000,91348000,60111000,82171000,129839000,None,None,None,245000,None,-58000,None,18184000,91290000,21716000,None,None,None,91348000,109532000,69574000,LRCX
2009-09-30,USD,134435000,318548000,184113000,181778000,29252000,52119000,71199000,105183000,None,None,None,189000,None,-368000,None,17681000,28884000,12087000,None,None,None,29252000,46933000,16797000,LRCX
2023-12-31,USD,-738000000,4784000000,738000000,175000000,609000000,738000000,None,4175000000,237000000,-208000000,237000000,208000000,-246000000,10000000,None,134000000,-1287000000,189000000,208000000,-1476000000,184000000,609000000,-945000000,-1476000000,BKNG
2023-09-30,USD,4015000000,7341000000,3326000000,169000000,3103000000,2409000000,None,4238000000,289000000,-254000000,289000000,254000000,-1000000,300000000,None,129000000,3149000000,638000000,254000000,2511000000,2517000000,3103000000,3532000000,2511000000,BKNG
2023-06-30,USD,2484000000,5462000000,2978000000,160000000,1673000000,2105000000,None,3789000000,266000000,-241000000,266000000,241000000,-48000000,186000000,None,121000000,1618000000,328000000,241000000,1290000000,1266000000,1673000000,1980000000,1290000000,BKNG
2023-03-31,USD,1130000000,3778000000,2648000000,161000000,450000000,1806000000,None,3328000000,228000000,-194000000,228000000,194000000,-53000000,47000000,None,120000000,303000000,37000000,194000000,266000000,266000000,450000000,617000000,266000000,BKNG
2022-12-31,USD,1746000000,4049000000,2303000000,163000000,1345000000,1621000000,None,2704000000,131000000,-145000000,131000000,145000000,-55000000,252000000,None,124000000,1452000000,217000000,145000000,1235000000,1359000000,1345000000,1721000000,1235000000,BKNG
2022-09-30,USD,3252000000,6052000000,2800000000,145000000,2583000000,2057000000,None,3469000000,61000000,-102000000,61000000,102000000,-34000000,-305000000,None,109000000,2176000000,510000000,102000000,1666000000,1527000000,2583000000,2387000000,1666000000,BKNG
2022-06-30,USD,1602000000,4294000000,2692000000,149000000,1000000000,1944000000,None,3294000000,24000000,-76000000,24000000,76000000,16000000,220000000,None,107000000,1144000000,287000000,76000000,857000000,788000000,1000000000,1327000000,857000000,BKNG
2022-03-31,USD,647000000,2695000000,2048000000,596000000,174000000,1305000000,None,2521000000,3000000,-68000000,None,68000000,30000000,-955000000,None,111000000,-849000000,-149000000,68000000,-700000000,-739000000,174000000,-670000000,-700000000,BKNG
2021-12-31,USD,1232000000,2981000000,1749000000,485000000,848000000,1162000000,None,2133000000,4000000,-75000000,4000000,75000000,19000000,43000000,None,98000000,816000000,198000000,75000000,618000000,546000000,848000000,989000000,618000000,BKNG
2021-09-30,USD,2426000000,4676000000,2250000000,None,2015000000,1557000000,None,2661000000,4000000,-80000000,4000000,80000000,45000000,-967000000,None,102000000,968000000,199000000,80000000,769000000,740000000,2015000000,1150000000,769000000,BKNG
2021-06-30,USD,243000000,2160000000,1917000000,None,-56000000,1122000000,None,2216000000,4000000,-81000000,4000000,81000000,-283000000,96000000,None,108000000,-41000000,126000000,323000000,-167000000,-50000000,-56000000,148000000,-167000000,BKNG
2021-03-31,USD,-112000000,1141000000,1253000000,None,-311000000,580000000,None,1452000000,4000000,-98000000,4000000,98000000,88000000,131000000,None,113000000,-278000000,-223000000,98000000,-55000000,-97000000,-311000000,-67000000,-55000000,BKNG
2020-12-31,USD,45000000,1238000000,1193000000,None,-153000000,514000000,None,1391000000,5000000,-98000000,5000000,98000000,-59000000,496000000,None,114000000,245000000,410000000,98000000,-165000000,-87000000,-153000000,457000000,-165000000,BKNG
2020-09-30,USD,515000000,2640000000,2125000000,None,315000000,879000000,None,2325000000,5000000,-98000000,5000000,98000000,-121000000,618000000,None,115000000,835000000,34000000,98000000,801000000,838000000,315000000,1048000000,801000000,BKNG
2020-06-30,USD,-283000000,630000000,913000000,None,-484000000,315000000,None,1114000000,12000000,-96000000,12000000,96000000,-58000000,789000000,None,112000000,209000000,87000000,96000000,122000000,231000000,-484000000,417000000,122000000,BKNG
2020-03-31,USD,146000000,2288000000,2142000000,None,-309000000,1052000000,None,2597000000,32000000,-64000000,32000000,64000000,31000000,-349000000,None,117000000,-722000000,-23000000,64000000,-699000000,-850000000,-309000000,-541000000,-699000000,BKNG
2019-12-31,USD,3339000000,3339000000,880000000,2627000000,1172000000,201000000,79000000,2167000000,39000000,-62000000,39000000,62000000,-11758000000,310000000,None,117000000,3588000000,249000000,62000000,3339000000,1245000000,1172000000,3767000000,3339000000,BKNG
2019-09-30,USD,4132000000,5040000000,908000000,566000000,2370000000,225000000,71000000,2670000000,44000000,-70000000,44000000,70000000,5040000000,63000000,None,117000000,2363000000,413000000,70000000,1950000000,1915000000,2370000000,2550000000,1950000000,BKNG
2019-06-30,USD,2932000000,3850000000,918000000,619000000,1247000000,180000000,70000000,2603000000,34000000,-68000000,34000000,68000000,3850000000,28000000,None,119000000,1207000000,228000000,68000000,979000000,918000000,1247000000,1394000000,979000000,BKNG
2019-03-31,USD,2029000000,2837000000,808000000,501000000,556000000,191000000,65000000,2281000000,35000000,-66000000,412000000,66000000,2837000000,478000000,None,116000000,968000000,203000000,66000000,765000000,912000000,556000000,1150000000,765000000,BKNG
2018-12-31,USD,3213000000,3213000000,792611000,2088000000,1143000000,194880000,56000000,2070000000,46000000,-65758000,242000,66000000,-11314385000,-445257000,65948000,109000000,3199000000,-14000000,65758000,3213000000,585000000,1143000000,3374000000,3213000000,BKNG
2018-09-30,USD,4021486000,4849000000,827604000,None,2247000000,183228000,57742000,2602000000,48000000,-68170000,-170000,68000000,4849090000,62427000,64625000,107000000,2240578000,473000000,68170000,1767578000,1610000000,2247000000,2415578000,1767578000,BKNG
2018-06-30,USD,2749425000,3537000000,787669000,None,1221000000,158753000,58950000,2316000000,46000000,-64837000,163000,65000000,3537094000,52493000,60887000,107000000,1209372000,232000000,64837000,977372000,844000000,1221000000,1381372000,977372000,BKNG
2018-03-31,USD,5520938000,2928000000,265229000,None,730000000,162139000,60441000,2198000000,47000000,-70235000,-235000,70000000,2928201000,93337000,56540000,103000000,753210000,146000000,70235000,607210000,668000000,730000000,926210000,607210000,BKNG
2017-12-31,USD,2763000000,2803000000,40000000,39993000,986478000,316186000,56667000,1776540000,46704000,-70979000,24000,71003000,-1273000,25259000,51495000,97788000,4266594000,1496651000,72252000,2769943000,-970573000,986478000,4435385000,2769943000,BKNG
2017-09-30,USD,4380000000,4434000000,54000000,54181000,2101801000,308362000,47901000,2278047000,41483000,-66338000,None,66338000,-200000,31382000,50613000,95910000,2066845000,346454000,66538000,1720391000,1800142000,2101801000,2229093000,1720391000,BKNG
2017-06-30,USD,2957000000,3025000000,68000000,67425000,893259000,273368000,44831000,2063872000,36821000,-60942000,None,60942000,-200000,30800000,44711000,85872000,863117000,142908000,61142000,720209000,1047069000,893259000,1009931000,720209000,BKNG
2017-03-31,USD,2339000000,2419000000,80000000,80401000,556462000,249583000,39945000,1782541000,31992000,-55717000,None,55717000,2419404000,26865000,40412000,83430000,527610000,71987000,55717000,455623000,837362000,556462000,666757000,455623000,BKNG
2016-12-31,USD,2276361000,2501091000,1257522000,58758000,790048000,228151000,37419000,1499621000,29089000,-55236000,100000,55336000,0,27538000,38106000,79672000,2364865000,88504000,55236000,2276361000,216427000,790048000,2499873000,2276361000,BKNG
2016-09-30,USD,3589063000,3635072000,1360385000,101489000,833227000,239451000,36389000,2755836000,24218000,-55480000,None,55480000,0,19787000,36796000,78745000,797534000,291517000,55480000,506017000,692921000,833227000,931759000,506017000,BKNG
2016-06-30,USD,2429818000,2505612000,421960000,126084000,732407000,218164000,35797000,1697411000,21292000,-50290000,None,50290000,None,10431000,34671000,77712000,692548000,111910000,50290000,580638000,418315000,732407000,820550000,580638000,BKNG
2016-03-31,USD,2019450000,2101225000,457258000,128669000,550318000,205368000,32788000,1469132000,20347000,-46894000,None,46894000,None,-42931000,30486000,72871000,460493000,86069000,46894000,374424000,427337000,550318000,580258000,374424000,BKNG
2015-12-31,USD,1879383000,1999995000,381652000,120612000,657900000,190276000,32270000,1221483000,16414000,-43767000,None,43767000,0,2397000,27997000,70764000,616530000,112261000,43767000,1879383000,934586000,657900000,731061000,504269000,BKNG
2015-09-30,USD,2947282000,3061465000,427448000,155619000,1488707000,202775000,28830000,1458575000,14682000,-41436000,None,41436000,0,8899000,26825000,69054000,1456170000,259438000,41436000,1196732000,1054390000,1488707000,1566660000,1196732000,BKNG
2015-06-30,USD,2092906000,2238850000,448633000,187491000,678331000,193468000,27156000,1414575000,13037000,-41547000,None,41547000,0,11593000,25021000,67674000,648377000,131345000,41547000,517032000,698454000,678331000,757598000,517032000,BKNG
2015-03-31,USD,1672236000,1807212000,415582000,168458000,433969000,182122000,25361000,1238267000,11596000,-33479000,None,33479000,-3000,6753000,21674000,65002000,407243000,73916000,33482000,333327000,368684000,433969000,505724000,333327000,BKNG
2014-12-31,USD,1674685000,1840097000,420243000,165412000,578867000,176373000,25430000,1095818000,8768000,-30549000,None,30549000,-16000,3723000,23537000,71558000,552041000,100210000,30565000,1674685000,264133000,578867000,654148000,451831000,BKNG
2014-09-30,USD,2619978000,2813544000,458112000,216519000,1322705000,183994000,24802000,1297273000,2490000,-22953000,None,22953000,-125000,5837000,21815000,57599000,1305589000,243336000,22953000,1062253000,911714000,1322705000,1386141000,1062253000,BKNG
2014-06-30,USD,1882996000,2106469000,446986000,240579000,733014000,166120000,24042000,1149982000,1634000,-17106000,None,17106000,-2733000,-143000,17337000,40287000,715765000,139314000,17106000,576451000,562035000,733014000,773158000,576451000,BKNG
2014-03-31,USD,1406471000,1620661000,410999000,235331000,438726000,137292000,23224000,967745000,1041000,-17745000,None,17745000,-3396000,-4928000,15552000,38376000,416053000,84835000,21141000,331218000,339240000,438726000,472174000,331218000,BKNG
2013-12-31,USD,1333301000,1541153000,378197000,207852000,500847000,133224000,23173000,832454000,1285000,-22192000,None,22192000,-26661000,-28468000,14400000,37121000,450187000,72110000,48853000,1333301000,423045000,500847000,509500000,378077000,BKNG
2013-09-30,USD,1989065000,2245768000,444972000,280838000,1046897000,128387000,18536000,942168000,867000,-24135000,None,24135000,0,-2411000,12897000,35747000,1020351000,187362000,24135000,832989000,948332000,1046897000,1080233000,832989000,BKNG
2013-06-30,USD,1383855000,1660605000,447186000,296383000,554831000,124776000,16959000,829024000,1141000,-19633000,None,19633000,0,359000,11266000,26027000,535443000,98117000,19633000,437440000,449804000,554831000,581103000,437326000,BKNG
2013-03-31,USD,1009665000,1284683000,413851000,292347000,309839000,102424000,13222000,699826000,874000,-17329000,None,17329000,0,-2068000,9802000,19080000,290421000,46150000,17329000,244292000,179887000,309839000,326830000,244271000,BKNG
2012-12-31,USD,939750000,1190640000,368912000,250890000,374315000,100394000,11711000,565435000,856000,-16856000,None,16856000,0,-1437000,9497000,17628000,355090000,66427000,16856000,939750000,327859000,371946000,389574000,288663000,BKNG
2012-09-30,USD,1396501000,1689243000,421064000,309809000,755592000,95248000,10799000,640909000,905000,-17067000,None,17067000,0,-7351000,8171000,16007000,727787000,131201000,17067000,599973000,641361000,744854000,760861000,596586000,BKNG
2012-06-30,USD,1004142000,1309877000,425532000,322617000,458355000,87252000,10440000,545787000,1001000,-16882000,None,16882000,None,4206000,7465000,15663000,445372000,93025000,16882000,352654000,295812000,462254000,477917000,352347000,BKNG
2012-03-31,USD,743288000,1025989000,396012000,293959000,241531000,86211000,10735000,501757000,1098000,-11258000,None,11258000,None,-1278000,7685000,15842000,229149000,47179000,11258000,181816000,218440000,240407000,256249000,181970000,BKNG
2011-12-31,USD,724697000,990770000,355887000,266073000,303778000,76077000,10357000,420920000,2044000,-8332000,None,8332000,0,3214000,5847000,13737000,298419000,72704000,8332000,724697000,197969000,306751000,320488000,225715000,BKNG
2011-09-30,USD,1100148000,1444925000,445454000,352656000,616378000,78841000,8548000,483770000,2526000,-7879000,None,7879000,0,3353000,5576000,13957000,608465000,138966000,7879000,472886000,390186000,616344000,630301000,469499000,BKNG
2011-06-30,USD,749227000,1094921000,437906000,353489000,324708000,70766000,8239000,424519000,2129000,-7795000,None,7795000,None,-322000,5059000,13651000,316682000,60314000,7795000,256277000,265484000,324477000,338128000,256368000,BKNG
2011-03-31,USD,505808000,801605000,376648000,303512000,154059000,60657000,6670000,351749000,1421000,-7715000,None,7715000,None,-5652000,4166000,12479000,141469000,36679000,7715000,104013000,148039000,149184000,161663000,104790000,BKNG
2010-12-31,USD,478413000,731316000,351481000,252902000,188960000,55601000,6148000,289452000,1144000,-7578000,None,7578000,0,None,4141000,12451000,181523000,45794000,7578000,478413000,118130000,189101000,201552000,135729000,BKNG
2010-09-30,USD,666188000,993464000,384359000,335569000,336769000,48790000,5347000,329419000,918000,-8293000,None,8293000,-300000,-9797000,4199000,12775000,317099000,94119000,8293000,224560000,298605000,325392000,338167000,222980000,BKNG
2010-06-30,USD,445255000,758172000,373136000,322184000,173159000,50952000,4895000,272096000,940000,-9267000,None,9267000,-400000,1979000,None,10758000,166232000,51275000,9267000,114596000,68052000,175499000,186257000,114957000,BKNG
2010-03-31,USD,319116000,584394000,265278000,265278000,87909000,67810000,4608000,231207000,None,None,None,4806000,None,None,None,9779000,80828000,26953000,None,None,9100000,85634000,95413000,53875000,BKNG
2009-12-31,USD,313189000,541753000,228564000,228564000,117862000,64493000,5137000,195327000,None,None,None,4863000,None,None,None,10011000,108138000,29683000,None,None,None,113001000,128401000,78455000,BKNG
2009-09-30,USD,434006000,730660000,296654000,296654000,200755000,70326000,4777000,233251000,None,None,None,5911000,None,None,None,10098000,194095000,-124887000,None,None,None,200006000,211324000,318982000,BKNG
2009-06-30,USD,305238000,603741000,298503000,298503000,109375000,59592000,4697000,195863000,None,None,None,6505000,None,None,None,9723000,99506000,32495000,None,None,None,106011000,119581000,67011000,BKNG
2009-03-31,USD,208330000,462058000,253728000,253728000,42842000,54298000,4527000,165488000,None,None,None,6805000,None,None,None,9361000,40595000,15541000,None,None,None,43583000,52944000,25023000,BKNG
2023-12-31,JPY,1201138000000,3747527000000,2546389000000,2546389000000,456326000000,554712000000,190100000000,744812000000,None,-4783000000,33959000000,38742000000,None,None,None,281564000000,455234000000,91184000000,None,367371000000,None,456326000000,737890000000,363918000000,SONY
2023-09-30,JPY,955915000000,2828623000000,1872708000000,1872708000000,256686000000,518729000000,180500000000,699229000000,None,-5414000000,12617000000,18031000000,None,None,None,318699000000,254652000000,56439000000,None,201156000000,None,256686000000,575385000000,200105000000,SONY
2023-06-30,JPY,892399000000,2963652000000,2071253000000,2071253000000,239660000000,474939000000,177800000000,652739000000,None,22992000000,31912000000,8920000000,None,None,None,251767000000,271394000000,58092000000,None,217942000000,None,239660000000,491427000000,217545000000,SONY
2023-03-31,JPY,673593000000,3063550000000,2389957000000,2389957000000,128464000000,159628000000,205198000000,551016000000,None,16138000000,38574000000,22436000000,None,None,None,307522000000,144602000000,15463000000,None,129139000000,None,128464000000,435986000000,128158000000,SONY
2022-12-31,JPY,949086000000,3412914000000,2463828000000,2463828000000,428737000000,529188000000,192000000000,527704000000,None,-30158000000,6943000000,37101000000,None,None,None,254972000000,398579000000,70073000000,None,328506000000,None,428737000000,683709000000,321521000000,SONY
2022-09-30,JPY,812500000000,2751879000000,1939379000000,1939379000000,344042000000,482457000000,181400000000,474388000000,None,1714000000,18594000000,16880000000,None,None,None,260736000000,345756000000,78085000000,None,267671000000,None,344042000000,604778000000,263963000000,SONY
2022-06-30,JPY,705727000000,2311494000000,1605767000000,1605767000000,306963000000,406766000000,157100000000,404041000000,None,-15587000000,14382000000,29969000000,None,None,None,259853000000,291376000000,73070000000,None,218306000000,None,306963000000,566816000000,218196000000,SONY
2022-03-31,JPY,590154000000,2263986000000,1673832000000,1673832000000,-69565000000,449754000000,None,455107000000,None,-49004000000,6924000000,55928000000,None,None,None,215118000000,89625000000,-23346000000,None,112971000000,None,-69565000000,145553000000,111082000000,SONY
2021-12-31,JPY,810257000000,3031319000000,2221062000000,2221062000000,465183000000,423509000000,None,352549000000,None,-3614000000,4962000000,8576000000,None,None,None,241163000000,461569000000,113645000000,None,347924000000,None,465183000000,706346000000,346161000000,SONY
2021-09-30,JPY,681260000000,2369365000000,1688105000000,1688105000000,318459000000,369908000000,None,371122000000,None,-35360000000,4812000000,40172000000,None,None,None,210804000000,283099000000,68703000000,None,214396000000,None,318459000000,529263000000,213106000000,SONY
2021-06-30,JPY,620001000000,2256843000000,1636842000000,1636842000000,280068000000,345302000000,None,344201000000,None,3142000000,11685000000,8543000000,None,None,None,189607000000,283210000000,70095000000,None,213115000000,None,280068000000,469675000000,211829000000,SONY
2021-03-31,JPY,515241000000,2220419000000,1705178000000,1705178000000,66480000000,429647000000,None,446138000000,None,-1572000000,3348000000,4920000000,None,None,None,179314000000,95476000000,-11646000000,None,107122000000,None,66480000000,245794000000,107000000000,SONY
2020-12-31,JPY,764860000000,2696536000000,1931676000000,1931676000000,359226000000,409835000000,None,410130000000,None,-1003000000,1753000000,2756000000,None,None,None,179448000000,477371000000,103661000000,None,373710000000,None,359226000000,538674000000,371891000000,SONY
2020-09-30,JPY,639113000000,2113486000000,1474373000000,1474373000000,317764000000,329307000000,None,323769000000,None,-184000000,15281000000,2704000000,None,None,None,158253000000,299604000000,-163898000000,None,463502000000,None,317764000000,476017000000,459634000000,SONY
2020-06-30,JPY,518587000000,1968919000000,1450332000000,1450332000000,228395000000,329307000000,None,301166000000,None,1031000000,92877000000,1805000000,None,None,None,148442000000,319919000000,72878000000,None,247041000000,None,228395000000,376837000000,233251000000,SONY
2020-03-31,JPY,450148000000,1748740000000,1298592000000,1298592000000,-98970000000,329307000000,None,397510000000,None,2323000000,15462000000,2297000000,None,None,None,135249000000,-3983000000,-19726000000,None,15743000000,None,-98970000000,36279000000,12644000000,SONY
2019-12-31,JPY,679394000000,2463162000000,1783768000000,1783768000000,300132000000,400032000000,0,400032000000,None,2771000000,15736000000,1129000000,None,0,None,170449000000,310321000000,69977000000,None,240344000000,None,300132000000,470581000000,229538000000,SONY
2019-09-30,JPY,629101000000,2122259000000,1493158000000,1493158000000,278955000000,354916000000,0,354916000000,None,2169000000,18427000000,2784000000,None,0,None,184900000000,262094000000,61927000000,None,200167000000,None,278955000000,463855000000,187887000000,SONY
2019-06-30,JPY,576193000000,1925724000000,1349531000000,1349531000000,230925000000,350167000000,0,350167000000,None,925000000,448000000,4880000000,None,0,None,156304000000,231018000000,65012000000,None,166006000000,None,230925000000,387229000000,152122000000,SONY
2019-03-31,JPY,509155000000,2127498000000,1618343000000,1618343000000,-123866000000,399910000000,0,399910000000,None,4114000000,30401000000,1763000000,None,0,None,211976000000,112634000000,11331000000,None,101303000000,None,-123866000000,88110000000,87861000000,SONY
2018-12-31,JPY,696673000000,2401805000000,1705132000000,1705132000000,376988000000,430025000000,0,430025000000,None,None,None,3510000000,None,0,None,211569000000,340530000000,-100723000000,None,0,None,376988000000,588557000000,428962000000,SONY
2018-09-30,JPY,647682000000,2182760000000,1535078000000,1535078000000,239511000000,397129000000,0,397129000000,None,None,None,3876000000,None,0,None,167224000000,246398000000,59268000000,None,1642571867.46,None,239511000000,406735000000,173001000000,SONY
2018-06-30,JPY,548981000000,1953624000000,1404643000000,1404643000000,195006000000,3153983497.90,0,349761000000,None,None,None,3318000000,None,0,None,148852000000,312086000000,75222000000,None,2135930384.60,None,195006000000,343858000000,226447000000,SONY
2018-03-31,JPY,489266000000,1951021000000,1461755000000,1461755000000,22184000000,405008000000,1447719000,424007000000,None,None,None,2784000000,None,None,None,204559000000,8471000000,13289000000,None,-4818000000,None,22184000000,226743000000,-4818000000,SONY
2017-12-31,JPY,748951000000,2672317000000,1923366000000,1923366000000,350837000000,744011000000,1000138000,415532000000,None,None,None,3536000000,None,None,None,189989000000,343119000000,28234000000,None,360867000000,None,350837000000,540826000000,295897000000,SONY
2017-09-30,JPY,587580000000,2062531000000,1474951000000,1474951000000,204228000000,386279000000,964042000,386279000000,None,None,None,2730000000,None,None,None,170888000000,198565000000,55751000000,None,-140380000000,None,204228000000,375116000000,130852000000,SONY
2017-06-30,JPY,487763000000,1858113000000,1370350000000,1370350000000,157611000000,357379000000,905596000,357379000000,None,None,None,4516000000,None,None,None,171348000000,148894000000,54496000000,None,94398000000,None,157611000000,328959000000,80871000000,SONY
2017-03-31,JPY,493914000000,1903604000000,1409690000000,1409690000000,-78312000000,1496102000000,1232227000,417860000000,None,None,None,2642000000,None,None,None,174460000000,87856000000,43127000000,None,127561000000,None,-78312000000,96148000000,44729000000,SONY
2016-12-31,JPY,615723000000,2397499000000,1781776000000,1781776000000,92372000000,0,646932000,411652000000,None,None,None,3749000000,None,None,None,146938000000,66227000000,36956000000,None,0,None,92372000000,239310000000,29271000000,SONY
2016-09-30,JPY,414514000000,1688948000000,1274434000000,1274434000000,45747000000,338347000000,1064844000,338347000000,None,None,None,4352000000,None,None,None,150661000000,40520000000,23500000000,None,0,None,45747000000,196408000000,17020000000,SONY
2016-06-30,JPY,415945000000,1613199000000,1197254000000,1197254000000,56192000000,0,1072297000,338097000000,None,None,None,3801000000,None,None,None,157724000000,57016000000,20475000000,None,0,None,56192000000,213916000000,36541000000,SONY
2016-03-31,JPY,401833000000,1824101000000,1422268000000,1422268000000,-31649000000,1664529000000,1337200000,433482000000,None,None,None,5965000000,None,None,None,-59017000000,-99680000000,-24565000000,None,209715000000,None,-31649000000,-90666000000,-75115000000,SONY
2015-12-31,JPY,690037000000,2580812000000,1890775000000,1890775000000,202145000000,0,944574000,461418000000,None,None,None,8346000000,None,None,None,174265000000,193280000000,55676000000,None,0,None,202145000000,376410000000,120134000000,SONY
2015-09-30,JPY,497438000000,1892740000000,1395302000000,1395302000000,88018000000,418308000000,971176000,418308000000,None,None,None,6581000000,None,None,None,154911000000,72194000000,23866000000,None,0,None,88018000000,242929000000,48328000000,SONY
2015-06-30,JPY,441752000000,1808059000000,1366307000000,1366307000000,96907000000,0,911638000,378722000000,None,None,None,4394000000,None,None,None,151538000000,138710000000,39812000000,None,0,None,96907000000,248445000000,82441000000,SONY
2015-03-31,JPY,432445000000,1937712000000,1505267000000,1505267000000,-76084000000,1758200000000,1031233000,508529000000,None,None,None,5199000000,None,None,None,-19966000000,-106521000000,-23553000000,None,-49004000000,None,-76084000000,-96050000000,-82968000000,SONY
2014-12-31,JPY,656113000000,2566749000000,1910636000000,1910636000000,182095000000,0,814897000,473282000000,None,None,None,5942000000,None,None,None,148597000000,167828000000,56162000000,None,0,None,182095000000,330692000000,89971000000,SONY
2014-09-30,JPY,511797000000,1901511000000,1389714000000,1389714000000,-83702000000,419203000000,968748000,419203000000,None,None,None,6047000000,None,None,None,139425000000,-89955000000,30078000000,None,0,None,-83702000000,55723000000,-120033000000,SONY
2014-06-30,JPY,457391000000,1809908000000,1352517000000,1352517000000,69814000000,0,1055746000,410447000000,None,None,None,6412000000,None,None,None,156941000000,68377000000,26046000000,None,0,None,69814000000,226755000000,42331000000,SONY
2014-03-31,JPY,396318000000,1870923000000,1474605000000,1474605000000,-76017000000,1686700000000,1251333000,472335000000,None,None,None,5180000000,None,None,None,-29438000000,-113088000000,11191000000,None,-68841000000,None,-76017000000,-105455000000,-124279000000,SONY
2013-12-31,JPY,592433000000,2412819000000,1820386000000,1820386000000,90332000000,0,948226000,458814000000,None,None,None,4232000000,None,None,None,151509000000,89769000000,46050000000,None,0,None,90332000000,241841000000,43719000000,SONY
2013-09-30,JPY,416359000000,1775486000000,1359127000000,1359127000000,14764000000,412378000000,1211429000,412378000000,None,None,None,7092000000,None,None,None,148478000000,5964000000,11601000000,None,0,None,14764000000,163242000000,-5637000000,SONY
2013-06-30,JPY,409102000000,1712712000000,1303610000000,1303610000000,36357000000,0,1114454000,384993000000,None,None,None,6956000000,None,None,None,147855000000,46253000000,26740000000,None,0,None,36357000000,184212000000,19513000000,SONY
2013-03-31,JPY,320694000000,1733029000000,1412335000000,1412335000000,-79007000000,0,994905000,390730000000,None,None,None,5826000000,None,None,None,149380000000,187188000000,73588000000,None,0,None,-79007000000,70373000000,93908000000,SONY
2012-12-31,JPY,434458000000,1947980000000,1513522000000,1513522000000,46429000000,0,999055000,388687000000,None,None,None,7356000000,None,None,None,141710000000,29430000000,25907000000,None,0,None,46429000000,188139000000,3523000000,SONY
2012-09-30,JPY,559663000000,1604659000000,1044996000000,1044996000000,27012000000,331459000000,1653400000,331459000000,None,None,None,204390000000,None,None,None,164177000000,19650000000,22008000000,None,0,None,228276000000,392453000000,-2358000000,SONY
2012-06-30,JPY,508770000000,1515183000000,1006413000000,1006413000000,167451000000,0,1382483000,346750000000,None,None,None,7563000000,None,None,None,85051000000,9413000000,20002000000,None,0,None,167451000000,252502000000,-10589000000,SONY
2012-03-31,JPY,-243968000000,1600426000000,1844394000000,1844394000000,-1412000000,0,1299834000,354674000000,None,None,None,510666000000,None,None,None,-525089000000,-486000000,240432000000,None,0,None,-1412000000,-526501000000,-240918000000,SONY
2011-12-31,JPY,560319000000,1822876000000,1262557000000,1262557000000,98317000000,0,1308730000,355674000000,None,None,None,191404000000,None,None,None,82717000000,-105914000000,28916000000,None,0,None,98317000000,181034000000,-134830000000,SONY
2011-09-30,JPY,374527000000,1574989000000,1200462000000,1200462000000,32597000000,345393000000,1459365000,345393000000,None,None,None,6449000000,None,None,None,83372000000,95000000,18358000000,None,0,None,32597000000,115969000000,-18263000000,SONY
2011-06-30,JPY,521352000000,1494921000000,973569000000,973569000000,200645000000,0,1192076000,320146000000,None,None,None,6112000000,None,None,None,78194000000,23119000000,27534000000,None,0,None,200645000000,278839000000,-4415000000,SONY
2011-03-31,JPY,-197019000000,1580826000000,1777845000000,1777845000000,-73368000000,0,1335859000,-110030000000,None,None,None,7391000000,None,None,None,69365000000,-68142000000,313330000000,None,0,None,-73368000000,-4003000000,-381472000000,SONY
2010-12-31,JPY,713858000000,2206246000000,1492388000000,1492388000000,137522000000,0,1355056000,576827000000,None,None,None,4556000000,None,None,None,4684000000,131535000000,47590000000,None,0,None,137522000000,142206000000,72334000000,SONY
2010-09-30,JPY,605525000000,1733152000000,1127627000000,1127627000000,68651000000,363395000000,1338343000,539146000000,None,None,None,5860000000,None,None,None,144570000000,62709000000,20746000000,None,0,None,68651000000,213221000000,41963000000,SONY
2010-06-30,JPY,551758000000,1661049000000,1109291000000,1109291000000,201865000000,0,1119562000,359770000000,None,None,None,142202000000,None,None,None,135124000000,78911000000,43673000000,None,0,None,201865000000,336989000000,35238000000,SONY
2010-03-31,JPY,529592000000,1715070000000,1185478000000,1185478000000,174903000000,0,1193278000,394145000000,None,None,None,168903000000,None,None,None,-104595000000,-46983000000,-5399000000,None,0,None,174903000000,70308000000,-41584000000,SONY
2009-12-31,JPY,727024000000,2237865000000,1510841000000,1510841000000,146103000000,0,1110000000,402440000000,None,None,None,172918000000,None,None,None,186789000000,123865000000,33244000000,None,0,None,146103000000,332892000000,79167000000,SONY
2009-09-30,JPY,526390000000,1661210000000,1134820000000,1134820000000,142500000000,370268000000,1282000000,370268000000,None,None,None,171498000000,None,None,None,212625000000,-17026000000,-1699000000,None,0,None,142500000000,355125000000,-15327000000,SONY
2009-06-30,JPY,538429000000,1599853000000,1061424000000,1061424000000,149754000000,0,1040000000,378037000000,None,None,None,180736000000,None,None,None,87240000000,-32944000000,-12188000000,None,0,None,149754000000,236994000000,-20756000000,SONY
2009-03-31,JPY,310112000000,1524060000000,1213948000000,1213948000000,-99878000000,0,967459000,409990000000,None,None,None,151704000000,None,None,None,92839000000,-311635000000,-147202000000,None,0,None,-99878000000,-7039000000,-164433000000,SONY
2008-12-31,JPY,590505000000,2154584000000,1564079000000,1564079000000,140597230560,0,1640000000,461903000000,None,None,None,139645000000,None,None,None,-18584230560,66451000000,64395000000,None,0,None,140597230560,122013000000,2056000000,SONY
2008-09-30,JPY,555473142960,2064639205920,1509166062960,1509166062960,-100773551880,539472295080,1295000000,544452691440,None,None,None,112641730440,None,None,None,173141191810,7311645720,-8901133920,None,0,None,-100773551880,72367639930,16212779640,SONY
2008-06-30,JPY,612574347280,1982795260700,1370220913420,1370220913420,73598131530,0,1172000000,538976215750,None,None,None,31223449740,None,None,None,157816484060,63084112740,19116397800,None,0,None,73598131530,231414615590,35046729300,SONY
2008-03-31,JPY,964872469470,2088246345410,1123373875940,1123373875940,845528898070,0,5213500000,469670194530,None,None,None,812014588130,None,None,None,-118653695210,15216064840,-2177530400,None,0,None,845528898070,726875202860,17393595240,SONY
2007-12-31,JPY,679892712730,2803062525490,2123169812760,2123169812760,99139377970,0,0,494243888820,None,None,None,229685932050,None,None,None,179470006790,282776354300,132558401660,None,0,None,99139377970,278609384760,150217952640,SONY
2007-09-30,JPY,577888003070,2079730856270,1501842853200,1501842853200,44090799360,535060221400,0,487524828340,None,None,None,64413902190,None,None,None,172600430220,87837139350,34905216160,None,0,None,44090799360,216691229580,52931923190,SONY
2007-06-30,JPY,648438926850,1979062700010,1330623773160,1330623773160,99513514320,0,0,548925412530,None,None,None,11453906970,None,None,None,212697820830,83872157490,39657613380,None,0,None,99513514320,312211335150,44214544110,SONY
2007-03-31,JPY,529890055100,1736944557100,1207054502000,1207054502000,8932661400,0,2398888000,502977549600,None,None,None,47984424700,None,None,None,169949609200,53825011000,24736600800,None,0,None,8932661400,178882270600,32180485300,SONY
2006-12-31,JPY,787691187010,2608535133890,1820843946880,1820843946880,178917916590,0,1190000000,608773270420,None,None,None,49997022600,None,None,None,205343833470,179870240830,61543954010,None,0,None,178917916590,384261750060,118326286820,SONY
2006-09-30,JPY,430220479950,1854610261030,1424389781080,1424389781080,-15107879680,449341390170,1190000000,451111844820,None,None,None,9206364180,None,None,None,163722077170,-26084698510,-7553939840,None,0,None,-15107879680,148614197490,-18530758670,SONY
2006-06-30,JPY,543058468060,1839323038560,1296264570500,1296264570500,-38724184230,0,1038000000,605491772770,None,None,None,4597372110,None,None,None,199182097340,-48234510240,23365710630,None,0,None,-38724184230,160457913110,-71600220870,SONY
2006-03-31,JPY,543058468060,1839323038560,1296264570500,1296264570500,-38724184230,0,1378685000,605491772770,None,None,None,4597372110,None,None,None,199182097340,-48234510240,23365710630,None,0,None,-38724184230,160457913110,-71600220870,SONY
2005-12-31,JPY,793933873940,2369754425280,1575820551340,1575820551340,203030694630,0,938000000,590903179310,None,None,None,60472202240,None,None,None,97133647450,226062099780,75708362570,None,0,None,203030694630,300164342080,169133190640,SONY
2005-09-30,JPY,525360266200,1710087380540,1184727114340,1184727114340,66152275420,432315899400,1134000000,459207990780,None,None,None,33019403340,None,None,None,204704979540,95767616560,65357994240,None,0,None,66152275420,270857254960,28594122480,SONY
2005-06-30,JPY,466529856480,1572513974160,1105984117680,1105984117680,-42482390640,0,1076000000,481947747600,None,None,None,47251954080,None,None,None,143530583520,12977649360,12090288720,None,0,None,-42482390640,101048192880,887360640,SONY
2005-03-31,JPY,484715298920,1733445311320,1248730012400,1248730012400,-77326003060,0,1089037000,561154622620,None,None,None,16870295520,None,None,None,175674001420,-60718316060,-5154554400,None,0,None,-77326003060,98347998360,-55563761660,SONY
2004-12-31,JPY,656269255200,2139954907200,1483685652000,1483685652000,137594914200,0,1335000000,518674341000,None,None,None,26677612000,None,None,None,158358772720,148676383800,6977221600,None,0,None,137594914200,295953686920,143238255200,SONY
2004-09-30,JPY,513700889760,1687685699520,1173984809760,1173984809760,26961593400,462859027920,1114000000,470672387640,None,None,None,41817981600,None,None,None,159820911960,62726972400,16066908720,None,0,None,26961593400,186782505360,52712666280,SONY
2004-06-30,JPY,512452429120,1623382302520,1110929873400,1110929873400,15443175920,0,1144000000,502555745960,None,None,None,6090266560,None,None,None,141598697520,6634040360,-1848830920,None,0,None,15443175920,157041873440,8482871280,SONY
2004-03-31,JPY,535594684030,1777756218380,1242161534350,1242161534350,-106105470680,0,1451000000,645564847480,None,None,None,17226018690,None,None,None,196581864210,-93785786060,-50628708800,None,0,None,-106105470680,90476393530,-43157077260,SONY
2003-12-31,JPY,773512093930,2328579177540,1555067083610,1555067083610,159142097240,0,1241000000,614369996690,None,None,None,5898123550,None,None,None,176408596440,158176949750,67774801520,None,0,None,159142097240,335550693680,92868636260,SONY
