fiscalDateEnding,reportedCurrency,grossProfit,totalRevenue,costOfRevenue,costofGoodsAndServicesSold,operatingIncome,sellingGeneralAndAdministrative,researchAndDevelopment,operatingExpenses,investmentIncomeNet,netInterestIncome,interestIncome,interestExpense,nonInterestIncome,otherNonOperatingIncome,depreciation,depreciationAndAmortization,incomeBeforeTax,incomeTaxExpense,interestAndDebtExpense,netIncomeFromContinuingOperations,comprehensiveIncomeNetOfTax,ebit,ebitda,netIncome,Symbol
2024-01-31,USD,1078137000,1897880000,819743000,461000000,78688000,748213000,635130000,1843559000,86732000,-28383000,86732000,28383000,1926263000,999000,54000000,71530000,138036000,-1050459000,28383000,1188495000,1176339000,166419000,237949000,1188495000,WDAY
2023-10-31,USD,1053875000,1836333000,782458000,445240000,87855000,713844000,618736000,1777820000,80004000,-28535000,80004000,28535000,1864868000,-10081000,52000000,68614000,129243000,15534000,28535000,113709000,153696000,157778000,226392000,113709000,WDAY
2023-07-31,USD,996504000,1760651000,764147000,448100000,36257000,692732000,609677000,1750509000,71569000,-28536000,71569000,28536000,1789187000,2522000,49000000,71415000,81812000,3152000,28536000,78660000,29230000,110348000,181763000,78660000,WDAY
2023-04-30,USD,899169000,1655821000,756652000,417444000,-19800000,686211000,600457000,1704112000,62695000,-28546000,62695000,28546000,1684367000,-7440000,48000000,70441000,6909000,6773000,28546000,136000,-10265000,35455000,105896000,136000,WDAY
2023-01-31,USD,861223000,1617335000,756112000,453479000,-88958000,666150000,615589000,1735218000,47236000,-28549000,-353000,28549000,1645884000,-7648000,68000000,89962000,-77919000,47778000,28549000,-125697000,-176760000,-49370000,40592000,-125697000,WDAY
2022-10-31,USD,858233000,1573991000,715758000,435793000,-26321000,623904000,565727000,1625424000,31252000,-29626000,31252000,29626000,1603617000,2537000,69000000,91854000,-22158000,52563000,29626000,-74721000,-33568000,7468000,99322000,-74721000,WDAY
2022-07-31,USD,814082000,1505733000,691651000,423085000,-34078000,598956000,547835000,1569876000,15214000,-30160000,15214000,30160000,1535893000,-17843000,71000000,92695000,-66867000,-2709000,30160000,-64158000,-44306000,-36707000,55988000,-64158000,WDAY
2022-04-30,USD,768682000,1421698000,653016000,402821000,-72843000,563170000,541509000,1507500000,4007000,-14018000,4007000,14018000,1435716000,-10152000,67000000,89846000,-93006000,9167000,14018000,-102006000,-66773000,-78988000,10858000,-102173000,WDAY
2022-01-31,USD,751785000,1390103000,638318000,389797000,-100962000,549568000,537738000,1477103000,1044000,-4075000,1044000,4075000,1394178000,20172000,69000000,88750000,-83821000,-10568000,4075000,-73253000,-44917000,-79746000,9004000,-73253000,WDAY
2021-10-31,USD,759756000,1334862000,575106000,359724000,23945000,487979000,455615000,1303318000,1195000,-4160000,1195000,4160000,1339022000,24522000,66000000,87127000,45502000,2090000,4160000,43412000,66935000,49662000,136789000,43412000,WDAY
2021-07-31,USD,701846000,1258938000,557092000,345521000,-1120000,471709000,444251000,1261481000,1333000,-4190000,1333000,4190000,1263128000,105842000,65000000,85383000,101865000,-3871000,4190000,105936000,122007000,106055000,191438000,105736000,WDAY
2021-04-30,USD,647965000,1169105000,521140000,333053000,-38313000,438677000,441616000,1213346000,2003000,-4177000,2003000,4177000,1173282000,-6877000,63000000,82463000,-47522000,-1000000,4177000,-48522000,-51973000,-43345000,39118000,-46522000,WDAY
2021-01-31,USD,1131684000,1131684000,527957000,313044000,-73311000,452856000,439095000,1204995000,2333000,-15595000,2333000,15595000,1131684000,17999000,61000000,75101000,-68574000,3133000,15595000,-73311000,-127787000,-52979000,22122000,-71707000,WDAY
2020-10-31,USD,610832000,1089590000,478758000,295181000,-14077000,404894000,419962000,1120037000,3610000,-16370000,3610000,16370000,1105960000,3914000,58000000,73864000,-22923000,1417000,16370000,-24340000,-23876000,-6553000,67311000,-24340000,WDAY
2020-07-31,USD,593724000,1042665000,448941000,284277000,-16754000,375763000,418681000,1078721000,4978000,-19302000,4978000,19302000,1061967000,2871000,57000000,73178000,-28207000,-191000,19302000,-28016000,-84896000,-8905000,64273000,-28016000,WDAY
2020-04-30,USD,517195000,1002437000,485242000,305630000,-144457000,413728000,443484000,1162842000,7867000,-17539000,7867000,17539000,1019976000,-1301000,55000000,71514000,-155430000,2938000,17539000,-158430000,-124334000,-137891000,-66377000,-158368000,WDAY
2020-01-31,USD,976299000,976299000,490536000,284775000,-146097000,415410000,422211000,1122396000,8876000,-16406000,8876000,16406000,976299000,24414000,57000000,75126000,-129213000,-1255000,16406000,-146097000,-129085000,-112807000,-37681000,-127958000,WDAY
2019-10-31,USD,474086000,921997000,447911000,270930000,-110250000,375678000,401742000,1048350000,10803000,-16205000,10803000,16205000,938202000,1266000,55000000,72233000,-114386000,1343000,16205000,-115729000,-123568000,-98181000,-25948000,-115729000,WDAY
2019-07-31,USD,439732000,873279000,433547000,266334000,-122497000,365793000,378122000,1010249000,11239000,-14473000,11239000,14473000,887752000,3128000,47000000,67754000,-122603000,-1891000,14473000,-120712000,-101367000,-108130000,-40376000,-120712000,WDAY
2019-04-30,USD,401898000,820454000,418556000,243219000,-123386000,357391000,347831000,948441000,10350000,-11601000,1147000,11601000,832055000,8392000,41000000,61165000,-116245000,30000,11601000,-116275000,-102353000,-104644000,-43479000,-116275000,WDAY
2019-01-31,USD,788628000,788628000,397377000,233748000,-120283000,337758000,337405000,908911000,8538000,-12044000,None,12044000,788628000,18656000,40000000,59619000,-105133000,-772000,12044000,-120283000,-108938000,-120283000,-33470000,-104361000,WDAY
2018-10-31,USD,296492000,739034000,442542000,223001000,-182755000,384940000,318003000,925944000,6995000,-12348000,None,12348000,751382000,31970000,38000000,57602000,-156138000,-2807000,12348000,-153331000,-137132000,-182755000,-86188000,-153331000,WDAY
2018-07-31,USD,344347000,654205000,309858000,200230000,-88982000,267632000,292840000,760702000,14692000,-17515000,None,17515000,671720000,4436000,36000000,42226000,-87369000,-1213000,17515000,-86156000,-67821000,-88982000,-27628000,-86156000,WDAY
2018-04-30,USD,233901000,618643000,384742000,97726000,-71264000,248352000,263584000,689907000,12236000,-18302000,None,18302000,618643000,2218000,33000000,38664000,-75410000,-1000000,18302000,-74410000,-58763000,-71264000,-18444000,-74410000,WDAY
2018-01-31,USD,582480000,582480000,369121000,95118000,-81335000,239409000,253454000,663815000,9778000,-18438000,None,18438000,582480000,12201000,30000000,35698000,-88431000,669000,18438000,-81335000,-119203000,-81335000,-34295000,-89100000,WDAY
2017-10-31,USD,196445000,555389000,358944000,91657000,-80059000,232305000,239588000,635448000,6394000,-12285000,None,12285000,555583000,-3742000,30000000,34727000,-83801000,1745000,12285000,-85546000,-79659000,-80059000,-36789000,-85546000,WDAY
2017-07-31,USD,171384000,525320000,353936000,92264000,-81629000,227651000,221103000,606949000,5051000,-6840000,None,6840000,525320000,938000,28000000,33501000,-80691000,1841000,6840000,-82532000,-104539000,-81629000,-40350000,-82532000,WDAY
2017-04-30,USD,162660000,479861000,317201000,76913000,-60200000,206911000,196439000,540061000,4029000,-6986000,None,6986000,479861000,-1663000,27000000,31797000,-62044000,2000000,6986000,-64044000,-66305000,-60200000,-23261000,-64044000,WDAY
2017-01-31,USD,436672000,439584000,325832000,72016000,-88939000,221170000,191556000,528523000,3387000,-6952000,None,6952000,None,16509000,25000000,22586000,-84947000,-2961000,6952000,-106235000,-88820000,-88939000,-55409000,-81986000,WDAY
2016-10-31,USD,99619000,413522000,309963000,72240000,-105932000,207270000,185311000,519454000,2805000,-7206000,None,7206000,None,-3105000,23000000,30453000,-112989000,1077000,7206000,-114066000,-104904000,-105932000,-75330000,-114066000,WDAY
2016-07-31,USD,99706000,373657000,278017000,66473000,-86685000,184882000,161886000,460342000,2897000,-7914000,None,7914000,None,-21193000,22000000,26662000,-108090000,-65000,7914000,-108025000,-101369000,-86685000,-73514000,-108025000,WDAY
2016-04-30,USD,91205000,347677000,254225000,59427000,-71530000,168674000,141778000,419207000,2214000,-8031000,None,8031000,None,-5838000,22000000,26124000,-79487000,1135000,8031000,-80622000,-88334000,-71530000,-45332000,-80622000,WDAY
2016-01-31,USD,323427000,323427000,247837000,59671000,-73441000,162944000,131244000,376342000,1776000,-8094000,None,8094000,None,-6505000,20000000,25222000,-65076000,1182000,8094000,-73441000,-65405000,-73441000,-31760000,-66258000,WDAY
2015-10-31,USD,71377000,305266000,233889000,61963000,-70174000,149666000,124020000,375440000,1126000,-8001000,None,8001000,None,-6722000,18000000,22260000,-76896000,915000,8001000,-77811000,-78185000,-70174000,-46635000,-77811000,WDAY
2015-07-31,USD,63104000,282696000,219592000,56792000,-67640000,142912000,115345000,350336000,998000,-7952000,None,7952000,None,-3779000,17000000,19888000,-71339000,-1918000,7952000,-69421000,-68822000,-67640000,-43499000,-69421000,WDAY
2015-04-30,USD,59144000,250957000,191813000,46132000,-53404000,127112000,99335000,304361000,955000,-7885000,None,7885000,None,-7236000,16000000,18569000,-60640000,918000,7885000,-61558000,-61698000,-53404000,-34186000,-61558000,WDAY
2015-01-31,USD,226273000,226273000,175002000,40737000,-50384000,117739000,88963000,276657000,859000,-7809000,None,7809000,None,-8271000,13000000,16526000,-58655000,811000,7809000,-50384000,-59670000,-50384000,-34320000,-59466000,WDAY
2014-10-31,USD,45548000,215070000,169522000,44363000,-51466000,109477000,85270000,266536000,737000,-7778000,None,7778000,None,-8047000,13000000,15682000,-59513000,399000,7778000,-59912000,-59811000,-51466000,-36053000,-59912000,WDAY
2014-07-31,USD,25594000,186780000,161186000,41267000,-61769000,105445000,77464000,248549000,669000,-7765000,None,7765000,None,-6953000,11000000,14474000,-68722000,493000,7765000,-69215000,-69733000,-61769000,-46483000,-69215000,WDAY
2014-04-30,USD,22024000,159737000,137713000,35960000,-52083000,89230000,65171000,211820000,695000,-7708000,None,7708000,None,-6999000,10000000,12523000,-59082000,307000,7708000,-59082000,-59177000,-52083000,-38851000,-59389000,WDAY
2014-01-31,USD,141866000,141866000,279560000,30904000,-47976000,83759000,55317000,189842000,615000,-7654000,None,7654000,None,-6921000,8500000,10714000,-54897000,1085000,7654000,-47976000,-55897000,-47976000,-36529000,-55982000,WDAY
2013-10-31,USD,79281000,127872000,48591000,30515000,-40399000,70331000,49349000,168271000,576000,-7663000,None,7663000,None,-6893000,7900000,9361000,-47292000,242000,7663000,-47292000,-47461000,-40399000,-30268000,-47534000,WDAY
2013-07-31,USD,66801000,107555000,40754000,24427000,-32283000,57916000,41168000,139838000,450000,-3879000,None,3879000,None,-3479000,7000000,8051000,-35762000,216000,3879000,-35762000,-35932000,-32283000,-23832000,-35978000,WDAY
2013-04-30,USD,54946000,91645000,36699000,21769000,-32624000,51288000,36282000,124269000,351000,-422000,None,422000,None,-256000,5700000,6569000,-32880000,135000,422000,-33015000,-33018000,-32624000,-25889000,-33015000,WDAY
2013-01-31,USD,48533000,81519000,32986000,32986000,-30678000,48959000,30252000,112197000,326000,-369000,None,369000,None,-167000,5200000,9386000,-30845000,99000,369000,-30678000,-30908000,-30678000,-21090000,-30944000,WDAY
2012-10-31,USD,42424000,72618000,30194000,30194000,-40868000,55217000,28075000,113486000,107000,-431000,None,431000,None,-364000,4100000,2750000,-41393000,78000,431000,-41310000,-41303000,-40868000,-38212000,-41471000,WDAY
2012-07-31,USD,34437000,62702000,28265000,28265000,-26360000,7616000,23552000,89062000,None,None,None,306000,None,-637000,3600000,3943000,-26997000,-116000,None,None,-26877000,-26360000,-22748000,-27087000,WDAY
2012-04-30,USD,31728000,56818000,25090000,25090000,-19957000,6061000,20786000,76775000,None,None,None,257000,None,-35000,3100000,3534000,-19992000,63000,None,None,-20037000,-19957000,-16423000,-20256000,WDAY
2012-01-31,USD,22828000,43158000,20330000,20330000,-23091000,5050000,18287000,66249000,None,None,None,976000,None,-444000,2800000,3069000,-23535000,51000,None,None,-23595000,-23091000,-20064000,-23843000,WDAY
2011-10-31,USD,18771000,36450000,17679000,17679000,-19442000,3594000,16404000,55892000,None,None,None,None,None,-243000,2400000,2522000,-19685000,46000,None,None,-19729000,-19442000,-16677000,-19803000,WDAY
2011-07-31,USD,None,30126000,23631000,23631000,-20093000,35336000,14840000,None,None,None,None,None,None,None,None,None,None,35000,None,None,None,-20093000,None,-20537000,WDAY
2011-04-30,USD,None,24693000,None,None,-15818000,28035000,12483000,None,None,None,None,None,None,None,None,None,None,35000,None,None,None,-15818000,None,-15788000,WDAY
2023-09-30,CNY,16966300000,27270406000,10304106000,10304106000,7557909000,5061339000,4347052000,19712497000,None,1147227000,1147227000,None,None,None,None,None,9101280000,1290398000,None,7810882000,None,7557909000,None,7836888000,NTES
2023-06-30,CNY,14375413000,24011301000,9635888000,9635888000,6062654000,1163216000,3908907000,8312759000,None,935578000,935578000,None,None,None,None,661363000,8871705000,712090000,None,8159615000,None,4310007000,4971370000,8242767000,NTES
2023-03-31,CNY,13244364000,25354129000,12109765000,12109765000,4433447000,1302932000,4090076000,8810917000,None,776030000,776030000,629290000,None,None,None,1400484000,4776269000,966574000,None,6710394000,None,4433447000,5833931000,3952737000,NTES
2022-12-31,CNY,13244364000,25354129000,12109765000,12109765000,4433447000,1302932000,4090076000,8810917000,None,629290000,629290000,629290000,None,None,None,1400484000,4776269000,966574000,None,3809695000,None,4433447000,5833931000,3952737000,NTES
2022-09-30,CNY,13743892000,24426760000,10682868000,10682868000,1996462000,1264342000,3969156000,9002116000,None,556148000,556148000,556148000,None,None,None,713852000,8207673000,1586673000,None,6621000000,None,1996462000,2710314000,6699364000,NTES
2022-06-30,CNY,12941491000,23159078000,10217587000,10217587000,4946331000,1112755000,3581700000,7995160000,None,505991000,505991000,505991000,None,None,None,451242000,5731291000,1259320000,None,4471971000,None,4946331000,5397573000,5291476000,NTES
2022-03-31,CNY,12917780000,24373565000,11455785000,11455785000,4608168000,1161876000,3847704000,8309612000,None,458244000,458244000,395029000,None,None,None,836042000,6596693000,933985000,None,4315760000,None,3311916000,4147958000,5694154000,NTES
2021-12-31,CNY,12917780000,24373565000,11455785000,11455785000,4608168000,1161876000,3847704000,8309612000,None,395029000,395029000,395029000,None,None,None,836042000,6596693000,933985000,None,5662708000,None,3311916000,4147958000,5694154000,NTES
2021-09-30,CNY,11810768000,22190749000,10379981000,10379981000,3775203000,1140296000,3761239000,8035565000,None,349550000,349550000,349550000,None,None,None,805485000,4131088000,807648000,None,3323440000,None,3886504000,4691989000,3181782000,NTES
2021-06-30,CNY,11189614000,20524501000,9334887000,9334887000,3758125000,1011183000,3406859000,7431489000,None,386207000,386207000,386207000,None,None,None,814370000,4589592000,1113228000,None,3476364000,None,3460453000,4274823000,3541754000,NTES
2021-03-31,CNY,9927762000,19761738000,9833976000,9833976000,3011931000,809956000,3029376000,6915831000,None,388928000,388928000,410001000,None,None,None,962526000,1487496000,552661000,None,4513678000,None,5085688000,6048214000,975702000,NTES
2020-12-31,CNY,9927762000,19761738000,9833976000,9833976000,3011931000,809956000,3029376000,6915831000,None,410001000,410001000,410001000,None,None,None,962526000,1487496000,552661000,None,934835000,None,5085688000,6048214000,975702000,NTES
2020-09-30,CNY,9885843000,18658222000,8772379000,8772379000,2870156000,783815000,2789051000,7015687000,None,446914000,446914000,446914000,None,None,None,913049000,3136167000,342700000,None,2793467000,None,3160999000,4074048000,2998240000,NTES
2020-06-30,CNY,9792175000,18184806000,8392631000,8392631000,4169850000,892622000,2408306000,5622325000,None,396519000,396519000,396519000,None,None,None,892150000,5715735000,1064455000,None,4651280000,None,3441683000,4333833000,4537806000,NTES
2020-03-31,CNY,8210428000,15734804000,7524376000,7524376000,2976443000,812754000,2267488000,5233985000,None,345184000,345184000,279546000,None,None,None,695644000,3968299000,876329000,None,3950653000,None,2373518000,3069162000,3053732000,NTES
2019-12-31,CNY,8210428000,15734804000,7524376000,7524376000,2976443000,812754000,2267488000,5233985000,None,279546000,279546000,279546000,None,0,None,695644000,3968299000,876329000,None,3091970000,None,2373518000,3069162000,3053732000,NTES
2019-09-30,CNY,7870350000,14635690000,6765340000,6765340000,3334771000,753794000,2162254000,4535579000,None,184795000,184795000,184795000,None,0,None,703387000,14029743000,1116653000,None,12913090000,None,2819302000,3522689000,12730299000,NTES
2019-06-30,CNY,8125769000,18768999000,10643230000,10643230000,3486216000,809992000,2062245000,4639553000,None,187311000,187311000,187311000,None,0,None,642417000,3803046000,685178000,None,3117868000,None,3437832000,4080249000,3071367000,NTES
2019-03-31,CNY,7657458000,19844275000,12186817000,12186817000,2245127000,851573000,2155409000,5412331000,None,173600000,288510000,167296000,None,0,None,676020000,2708372000,919674000,None,2463274000,None,2225746000,2901766000,1697699000,NTES
2018-12-31,CNY,7657458000,19844275000,12186817000,12186817000,2245127000,851573000,2155409000,5412331000,None,None,None,167296000,None,0,None,676020000,2708372000,919674000,None,5496114.81,None,2225746000,2901766000,1697699000,NTES
2018-09-30,CNY,7547348000,16855303000,9307955000,9307955000,2107278000,822292000,2260768000,5440070000,None,None,None,113118000,None,0,None,570232000,2464656000,843795000,None,235970970.61,None,2076582000,2646814000,1596293000,NTES
2018-06-30,CNY,7245112000,16283885000,9038773000,9038773000,2333591000,720852000,1917426000,4911521000,None,None,None,141645000,None,0,None,470813000,2683575000,420525000,None,339389622.08,None,2224934000,2695747000,2106516000,NTES
2018-03-31,CNY,5744611000,14607636000,8863025000,8863025000,1426814000,678370000,1242213000,4317797000,None,None,None,190733000,None,None,None,274298000,1592285000,290372000,None,128143937.58,None,1489890000,1764188000,1285613000,NTES
2017-12-31,CNY,5744611000,14607636000,8863025000,8863025000,1426814000,678370000,1242213000,4317797000,None,None,None,190733000,None,None,None,274298000,1592285000,290372000,None,10285215000,None,1489890000,1764188000,1285613000,NTES
2017-09-30,CNY,5947575000,12477789000,6530214000,6530214000,2549689000,599116000,1152941000,3397886000,None,None,None,164684000,None,None,None,210791000,2767104000,225494000,None,5591848000,None,2541834000,2752625000,2527449000,NTES
2017-06-30,CNY,6736890000,13376048000,6639158000,6639158000,3405370000,594344000,1051477000,3331520000,None,None,None,162078000,None,None,None,170571000,3697899000,703465000,None,-9039106000,None,3431622000,3602193000,2972111000,NTES
2017-03-31,CNY,6463279000,12099020000,5635741000,5635741000,3866680000,464149000,877119000,2596599000,None,None,None,125335000,None,None,None,96653000,4593624000,882018000,None,4011180000,None,3484259000,3580912000,3683100000,NTES
2016-12-31,CNY,6463279000,12099020000,5635741000,5635741000,3866680000,464149000,877119000,2596599000,None,None,None,125335000,None,None,None,96653000,4593624000,882018000,None,11792863000,None,3484259000,3580912000,3683100000,NTES
2016-09-30,CNY,5333574000,9211645000,3878071000,3878071000,2846600000,391655000,820246000,2486974000,None,None,None,162145000,None,None,None,89905000,3222618000,427177000,None,0,None,2732114000,2822019000,2740018000,NTES
2016-06-30,CNY,5280350000,8952823000,3672473000,3672473000,3047899000,336675000,726253000,2232451000,None,None,None,117858000,None,None,None,76809000,3046825000,262651000,None,0,None,3202256000,3279065000,2720608000,NTES
2016-03-31,CNY,4219686000,7902954000,3683268000,3683268000,2418017000,321855000,586759000,1801669000,None,None,None,132832000,None,None,None,54554000,2672450000,513770000,None,0,None,2319612000,2374166000,2164461000,NTES
2015-12-31,CNY,4219686000,7902954000,3683268000,3683268000,2418017000,321855000,586759000,1801669000,None,None,None,132832000,None,None,None,54554000,2672450000,513770000,None,6836900000,None,2319612000,2374166000,2164461000,NTES
2015-09-30,CNY,3849267000,6671789000,2822522000,2822522000,2088091000,319713000,623523000,1761176000,None,None,None,140399000,None,None,None,46693000,2330101000,399163000,None,0,None,1996613000,2043306000,1881903000,NTES
2015-06-30,CNY,2845574000,4567905000,1722331000,1722331000,1450376000,202228000,496782000,1395198000,None,None,None,156653000,None,None,None,42529000,1587810000,145933000,None,0,None,1470157000,1512686000,1424320000,NTES
2015-03-31,CNY,2485428000,3462993000,977565000,977565000,1245776000,143850000,391591000,1239652000,None,None,None,156747000,None,None,None,64965000,1465189000,187893000,None,0,None,1255392000,1320357000,1271269000,NTES
2014-12-31,CNY,2485428000,3462993000,977565000,977565000,1245776000,143850000,391591000,1239652000,None,None,None,156747000,None,None,None,64965000,1465189000,187893000,None,4795705000,None,1255392000,1320357000,1271269000,NTES
2014-09-30,CNY,2258441000,3116739000,858298000,858298000,1199233000,128928000,396442000,1059208000,None,None,None,156084000,None,None,None,36921000,1368066000,197340000,None,0,None,1188356000,1225277000,1159145000,NTES
2014-06-30,CNY,1999685000,2767590000,767905000,767905000,1176029000,98054000,292108000,823656000,None,None,None,146456000,None,None,None,34131000,1319569000,97936000,None,0,None,1185728000,1219859000,1202349000,NTES
2014-03-31,CNY,1727208000,2422422000,695214000,695214000,1078928000,82168000,237960000,648280000,None,None,None,139082000,None,None,None,40378000,1295673000,49421000,None,0,None,1091606000,1131984000,1237025000,NTES
2013-12-31,CNY,1727208000,2422422000,695214000,695214000,1078928000,82168000,237960000,648280000,None,None,None,139082000,None,None,None,40378000,1295673000,49421000,None,4445218000,None,1091606000,1131984000,1237025000,NTES
2013-09-30,CNY,1746755000,2356639000,609884000,609884000,1111589000,94795000,257345000,635166000,None,None,None,123567000,None,None,None,39890000,1251122000,206503000,None,0,None,1096648000,1136538000,1048294000,NTES
2013-06-30,CNY,1697613000,2264525000,566912000,566912000,1071629000,87639000,223584000,625984000,None,None,None,126067000,None,None,None,39806000,1217235000,131808000,None,0,None,1055193000,1094999000,1095102000,NTES
2013-03-31,CNY,1608274000,2270874000,662600000,662600000,1027893000,69452000,189345000,580381000,None,None,None,115530000,None,None,None,37647000,1197303000,184238000,None,0,None,1026152000,1063799000,1008535000,NTES
2012-12-31,CNY,1608274000,2270874000,662600000,662600000,1027893000,69452000,189345000,580381000,None,None,None,115530000,None,None,None,37647000,1197303000,184238000,None,0,None,1026152000,1063799000,1008535000,NTES
2012-09-30,CNY,1361915000,2001964000,640049000,640049000,824456000,75851000,201661000,537459000,None,None,None,115459000,None,None,None,52310000,978014000,194797000,None,0,None,786357000,838667000,811935000,NTES
2012-06-30,CNY,1321478000,1962489000,641011000,641011000,883815000,70636000,172348000,437663000,None,None,None,106155000,None,None,None,71875000,1008104000,149544000,None,0,None,865681000,937556000,875302000,NTES
2012-03-31,CNY,1453097000,2099183000,646086000,646086000,924116000,105787000,142514000,528981000,None,None,None,78624000,None,None,None,76323000,1038844000,122621000,None,0,None,897966000,974289000,898625000,NTES
2011-12-31,CNY,1453097000,2099183000,646086000,646086000,924116000,105787000,142514000,528981000,None,None,None,78624000,None,None,None,76323000,1038844000,122621000,None,0,None,897966000,974289000,898625000,NTES
2011-09-30,CNY,1327446000,1957902000,630456000,630456000,919239000,61263000,121662000,408207000,None,None,None,68647000,None,None,None,75315000,954757000,140499000,None,0,None,956061000,1031376000,825756000,NTES
2011-06-30,CNY,1152860000,1733616000,580756000,580756000,787109000,49845000,103008000,365751000,None,None,None,59419000,None,None,None,-3819000,850347000,92428000,None,0,None,787109000,783290000,772496000,NTES
2011-03-31,CNY,1090570000,1633739000,543169000,543169000,792669000,8647000,97173000,297901000,None,None,None,41173000,None,None,None,-117642000,803844000,83182000,None,0,None,940309000,822667000,712523000,NTES
2010-12-31,CNY,1090570000,1633739000,543169000,543169000,792669000,8647000,97173000,297901000,None,None,None,41173000,None,None,None,-117642000,803844000,83182000,None,0,None,940309000,822667000,712523000,NTES
2010-09-30,CNY,959176000,1400447000,441271000,441271000,586972000,52996000,81779000,372204000,None,None,None,36248000,None,None,None,-44170000,667390000,91268000,None,0,None,586972000,542802000,585317000,NTES
2010-06-30,CNY,878382000,1308995000,430613000,430613000,609648000,73099000,71981000,268734000,None,None,None,32795000,None,None,None,58803000,561593000,75481000,None,0,None,690498000,749301000,485674000,NTES
2010-03-31,CNY,844121711,1249908580,405786869,405786869,607128366,54159702,63054014,236993345,None,None,None,29746136,None,None,None,7300104,629386682,71194080,None,0,None,607128366,614428470,571766781,NTES
2009-12-31,CNY,844121711,1249908580,405786869,405786869,607128366,54159702,63054014,236993345,None,None,None,29746136,None,None,None,7300104,629386682,71194080,None,0,None,607128366,614428470,571766781,NTES
2009-09-30,CNY,627022644,868026510,241003866,241003866,408137590,53406612,62783771,218885054,None,None,None,29775123,None,None,None,-21427308,459340021,65544656,None,0,None,408137590,386710282,393829554,NTES
2009-06-30,CNY,691879735,863089617,171209882,171209882,517072165,52671504,53812664,174807570,None,None,None,33086968,None,None,None,20464224,583471568,115383256,None,0,None,483844524,504308748,468118827,NTES
2009-03-31,CNY,766491535.85,920286818.17,153795282.32,153795282.32,477288913.58,52295550,56058876.79,170404074.79,None,None,None,35560102,None,None,None,21642687.80,502539508.39,-77907961.07,None,0,None,614085943.16,635728630.96,580466553.84,NTES
2008-12-31,CNY,766491535.85,920286818.17,153795282.32,153795282.32,477288913.58,114345198,56058876.79,170404074.79,None,None,None,0,None,None,None,21642687.80,502539508.39,-77907961.07,None,0,None,614085943.16,635728630.96,580466553.84,NTES
2008-09-30,CNY,647226082.38,813285139.70,166059057.32,166059057.32,470495862.16,112237086.42,53763478,166000564.41,None,None,None,0,None,None,None,22601521.69,442630317.51,126727615.73,None,0,None,549124247.95,571725769.64,315904954.14,NTES
2008-06-30,CNY,722397104.23,852491241.35,130094137.12,130094137.12,572739125.92,97477719.43,52180258.88,149657978.31,None,None,None,0,None,None,None,22627725.41,577860587.75,139927651.23,None,0,None,599040555,621668280.41,437933053.06,NTES
2008-03-31,CNY,423465160.70,532206705.96,108741545.26,108741545.26,336519633.91,81406222.62,48926803.06,153506446.19,None,None,None,0,None,None,None,26863181.62,338313873.55,-52783617.15,None,0,None,361120830.65,387984012.27,391171854.70,NTES
2007-12-31,CNY,423465160.70,532206705.96,108741545.26,108741545.26,336519633.91,104579643.13,48926803.06,153506446.19,None,None,None,0,None,None,None,26863181.62,338313873.55,-52783617.15,None,0,None,361120830.65,387984012.27,391171854.70,NTES
2007-09-30,CNY,465564064.17,571319925.94,105755861.78,105755861.78,263075755.56,131522042.48,47535404.26,179057446.74,None,None,None,0,None,None,None,24311777.42,280229549.49,19955274.01,None,0,None,298559728.18,322871505.60,260274275.48,NTES
2007-06-30,CNY,437290644.35,535448035.20,98157390.85,98157390.85,294687526.49,97543316.99,45059800.87,142603117.86,None,None,None,0,None,None,None,23668385.01,314258669.37,2011232.20,None,0,None,303494554.09,327162939.10,312247437.17,NTES
2007-03-31,CNY,402818120.76,502778945.80,99960825.05,99960825.05,341574585.62,49976139,38169098.86,127345736.72,None,None,None,0,None,None,None,22369484.97,366243537.93,37961732.65,None,0,None,369106104,391475588.97,328681851.28,NTES
2006-12-31,CNY,402818120.76,502778945.80,99960825.05,99960825.05,341574585.62,89176637.86,38169098.86,127345736.72,None,None,None,0,None,None,None,22369484.97,366243537.93,37961732.65,None,0,None,369106104,391475588.97,328681851.28,NTES
2006-09-30,CNY,471042221.55,571418120.73,100375899.18,100375899.18,316386836.92,46650953,38698159.92,131377397.91,None,None,None,0,None,None,None,20240569.34,342689252.61,28176200.17,None,0,None,337973293.05,358213862.39,314513052.45,NTES
2006-06-30,CNY,457427374.56,552711046.38,95283671.81,95283671.81,323096274.75,39445469,46300653.46,134331099.81,None,None,None,0,None,None,None,18898444.36,347049473.59,32893730.21,None,0,None,323409792.73,342308237.09,314155743.38,NTES
2006-03-31,CNY,399142985.45,483161695.14,84018709.69,84018709.69,618507254.51,82483411.77,25845423.12,-219364269.06,None,None,None,7690.05,None,None,None,26881312.99,318851876.92,33337343.53,None,0,None,671440008.45,698321321.44,285514533.39,NTES
2005-12-31,CNY,399142985.45,483161695.14,84018709.69,84018709.69,618507254.51,72891791.62,25845423.12,-219364269.06,None,None,None,7690.05,None,None,None,26881312.99,318851876.92,33337343.53,None,0,None,671440008.45,698321321.44,285514533.39,NTES
2005-09-30,CNY,370913508.58,443443592.88,72530084.31,72530084.31,276165320.15,77398492.53,17349695.90,94748188.42,None,None,None,1000,None,None,None,3186553.80,285204323.84,26562272.76,None,0,None,282153384.66,285339938.46,258642051.07,NTES
2005-06-30,CNY,326859424.93,392797017.17,65937592.23,65937592.23,246748464.40,65501325.45,14609635.08,80110960.53,None,None,None,42000,None,None,None,837003.75,259808015.89,16960654.51,None,0,None,246386121.50,247223125.24,242847361.38,NTES
2005-03-31,CNY,207289297.95,271360089.30,64070791.35,64070791.35,130244990.47,57100501.55,10158919.24,77044307.48,None,None,None,42000,None,None,None,321546.28,137669198.39,7567055.76,None,0,None,172511591.30,172833137.58,130102142.63,NTES
2004-12-31,CNY,207289297.95,271360089.30,64070791.35,64070791.35,130244990.47,50329088.24,10158919.24,77044307.48,None,None,None,128000,None,None,None,321546.28,137669198.39,7567055.76,None,0,None,172511591.30,172833137.58,130102142.63,NTES
2004-09-30,CNY,189830280.83,238623667.13,48793386.30,48793386.30,108812184.07,28577672,8572454.79,81018096.77,None,None,None,846210,None,None,None,9721528.23,114748586.16,5667519.50,None,0,None,91349352.14,101070880.37,109081066.66,NTES
2004-06-30,CNY,164284464.57,206766332.68,42481868.12,42481868.12,100627643.39,55228695.94,8428125.24,63656821.18,None,None,None,126000,None,None,None,8703299.23,105535684.02,7224689.19,None,0,None,99522882.88,108226182.11,98310994.83,NTES
2004-03-31,CNY,136261701.65,161851632.18,25589930.53,25589930.53,98305920.32,43360477.85,6741568.08,37806774.63,None,None,None,1401041000,None,None,None,-247831.25,102690699.09,8575890.22,None,0,None,98305920.32,98058089.07,94114808.87,NTES
2003-12-31,CNY,136261701.65,161851632.18,25589930.53,25589930.53,98305920.32,31214213.25,6741568.08,37806774.63,None,None,None,1401041000,None,None,None,-247831.25,102690699.09,8575890.22,None,0,None,98305920.32,98058089.07,94114808.87,NTES
2003-09-30,CNY,121186544.81,138966959.68,17780414.87,17780414.87,87074010.51,30016737.46,4095796.83,34112534.29,None,None,None,0,None,None,None,121233.51,90593722.61,6492925.56,None,0,None,87074010.51,87195244.02,84100797.04,NTES
2024-02-03,USD,664100000,1373900000,1360300000,762400000,-33300000,212000000,459600000,1057500000,None,-52600000,3000000,52600000,1426500000,-4400000,None,360100000,-87300000,305400000,52600000,-551800000,-390200000,-34700000,325400000,-392700000,MRVL
2023-10-28,USD,551200000,1366000000,1353600000,867400000,-146300000,213000000,481100000,967300000,None,-52600000,1700000,52600000,1418600000,9700000,None,269800000,-187500000,-23200000,52600000,-111700000,-164700000,-134900000,134900000,-164300000,MRVL
2023-07-29,USD,521100000,1287100000,1323100000,819800000,-205700000,210000000,474800000,978100000,None,-53800000,1600000,53800000,1340900000,6300000,None,271800000,-251600000,-44100000,53800000,-153700000,-207600000,-197800000,74000000,-207500000,MRVL
2023-04-29,USD,557200000,1269000000,1371800000,764500000,-182400000,199000000,480700000,1088000000,None,-52700000,2500000,52700000,1321700000,300000,None,348400000,-232300000,-63400000,52700000,-116200000,-169800000,-179600000,168800000,-168900000,MRVL
2023-01-28,USD,673300000,1369200000,835900000,745200000,23300000,203400000,443100000,533800000,None,-49300000,2500000,49300000,1418500000,300000,None,-736300000,-23200000,-7800000,49300000,-136700000,-14600000,26100000,-710200000,-15400000,MRVL
2022-10-29,USD,777300000,1492100000,1237700000,760000000,105800000,207800000,448100000,825800000,None,-45200000,1500000,45200000,1537300000,3200000,None,269900000,65300000,52000000,45200000,58500000,12500000,110500000,380400000,13300000,MRVL
2022-07-30,USD,786000000,1477100000,1214400000,730900000,39100000,211700000,449000000,1017500000,None,-39800000,800000,39800000,1516900000,3700000,None,271800000,3800000,-500000,39800000,44100000,4300000,43600000,315400000,4300000,MRVL
2022-04-30,USD,750900000,1410600000,1279900000,696000000,69800000,235700000,444100000,1028000000,None,-36300000,500000,36300000,1446900000,5200000,None,348200000,39200000,204900000,36300000,-129400000,-165700000,75500000,423700000,-165700000,MRVL
2022-01-29,USD,686400000,1306902000,839206000,656600000,34700000,790390000,399200000,581931000,None,-34963000,37000,35000000,1341865000,2200000,None,-608377000,2100000,-4100000,34963000,-98210000,6200000,37100000,-571277000,6200000,MRVL
2021-10-30,USD,587800000,1175822000,1151992000,623400000,-33400000,243400000,371900000,900461000,None,-35423000,-23000,35400000,1211245000,1000000,None,279300000,-67600000,-5000000,35423000,-27109000,-62600000,-32200000,247100000,-62600000,MRVL
2021-07-31,USD,371800000,1042067000,1252212000,704100000,-266700000,259200000,367000000,915204000,None,-33814000,-14000,33800000,1075881000,-1700000,None,276700000,-302000000,-25600000,33814000,-242572000,-276400000,-268200000,8500000,-276400000,MRVL
2021-05-01,USD,418200000,797200000,796000000,414100000,-82300000,201500000,286100000,668000000,None,-35100000,None,35100000,832300000,1200000,None,180400000,-116000000,-27800000,35100000,-53100000,-88200000,-80900000,99500000,-88200000,MRVL
2021-01-30,USD,421082000,797819000,376687000,376737000,-1747000,201466000,260340000,377298000,None,-34919000,222000,20769000,None,-713000,None,157672000,-22872000,-39406000,None,-88242000,16534000,-2103000,201135000,16534000,MRVL
2020-10-31,USD,381060000,750143000,369083000,369083000,-9390000,None,255637000,371138000,None,None,None,16066000,None,299000,None,157267000,-24549000,-1641000,None,None,-23358000,-8483000,168096000,-22908000,MRVL
2020-08-01,USD,359256000,727297000,368041000,368041000,-151267000,112794000,277139000,389933000,None,-15458000,608000,15635000,None,-440000,None,163184000,-166765000,-8872000,None,-22908000,-158311000,-151130000,132644000,-157893000,MRVL
2020-05-02,USD,326902000,693641000,366739000,366739000,-95996000,122027000,279584000,401611000,None,None,None,16830000,None,3754000,None,163405000,-108014000,5019000,None,None,-112165000,-91184000,93508000,-113033000,MRVL
2023-12-31,USD,1125200000,1613500000,488300000,488300000,462800000,662400000,None,1495500000,None,-50100000,None,50100000,1613500000,None,9100000,187000000,488200000,99200000,50100000,377500000,443000000,538300000,725300000,389000000,ROP
2023-09-30,USD,1096300000,1563400000,467100000,467100000,446100000,650200000,None,650200000,None,-42400000,None,42400000,1563400000,None,9000000,182200000,444200000,97000000,42400000,345600000,297100000,486600000,668800000,347200000,ROP
2023-06-30,USD,1067100000,1531200000,464100000,464100000,435300000,631800000,None,631800000,None,-34800000,None,34800000,1531200000,63200000,8700000,175500000,467600000,102700000,34800000,361000000,401100000,502400000,677900000,364900000,ROP
2023-03-31,USD,1018600000,1469700000,451100000,451100000,401000000,617600000,None,792700000,None,-37400000,38600000,37400000,1469700000,-3500000,8600000,175100000,358900000,75800000,37400000,284300000,307200000,396300000,571400000,283100000,ROP
2022-12-31,USD,1002300000,1430900000,428600000,428600000,412500000,589800000,None,1294000000,None,-53800000,53800000,53800000,1430900000,None,9300000,174400000,1989500000,61100000,53800000,247300000,2210100000,2043300000,2217700000,1928400000,ROP
2022-09-30,USD,941800000,1350300000,408500000,408500000,393200000,548600000,None,548600000,None,-41300000,41300000,41300000,1350300000,3600000,9300000,147100000,405600000,78600000,41300000,276900000,146100000,446900000,594000000,327000000,ROP
2022-06-30,USD,911500000,1310800000,399300000,399300000,362900000,548600000,None,548600000,None,-44700000,44700000,44700000,1310800000,-1300000,9100000,143200000,360700000,91900000,44700000,225000000,187000000,405400000,548600000,268800000,ROP
2022-03-31,USD,897200000,1279800000,382600000,496500000,355900000,541300000,None,757100000,None,-52600000,52600000,52600000,1526600000,-1900000,9600000,148100000,2085300000,64800000,52600000,236400000,1997600000,2137900000,2286000000,2020500000,ROP
2021-12-31,USD,880400000,1256600000,376200000,494300000,260500000,525500000,None,1371400000,None,-55900000,-200000,55700000,1512300000,-1300000,10100000,145600000,325100000,37300000,55900000,167100000,255200000,380800000,526400000,287800000,ROP
2021-09-30,USD,871700000,1232100000,360400000,466700000,346900000,524800000,None,592600000,None,-58200000,58200000,58200000,1462800000,-1700000,10400000,145600000,365300000,75800000,58200000,210800000,254100000,423500000,569100000,289500000,ROP
2021-06-30,USD,839200000,1189800000,350600000,553500000,316200000,523000000,None,616100000,None,-59500000,59500000,59500000,1587600000,900000,10400000,146600000,338400000,52100000,59500000,204400000,303600000,397900000,544500000,286300000,ROP
2021-03-31,USD,816300000,1256400000,440100000,534800000,317600000,561400000,None,739900000,None,-60600000,60600000,60600000,1528600000,27000000,13100000,146600000,360200000,71200000,60600000,223000000,303600000,420800000,567400000,289000000,ROP
2020-12-31,USD,900900000,946300000,45400000,538700000,343000000,306000000,None,1179600000,None,-63700000,63700000,63700000,1505300000,500000,7500000,147600000,272100000,16300000,63700000,225000000,350200000,335800000,483400000,255800000,ROP
2020-09-30,USD,809900000,1198200000,388300000,490200000,330500000,479400000,None,508300000,None,-62300000,-100000,62200000,1366100000,-2200000,8000000,116800000,293600000,59200000,62300000,207000000,277800000,355800000,472600000,234400000,ROP
2020-06-30,USD,772500000,1233800000,461300000,461300000,291600000,510100000,None,510100000,None,-47500000,47500000,47500000,1305000000,-2000000,12300000,101200000,284100000,64900000,47500000,184000000,275400000,331600000,432800000,219200000,ROP
2020-03-31,USD,787500000,1281400000,493900000,493900000,308400000,507600000,None,609400000,None,-45400000,45400000,45400000,1350700000,800000,12800000,101800000,304600000,64300000,45400000,209500000,112100000,350000000,451800000,240300000,ROP
2019-12-31,USD,892900000,1042700000,149800000,501900000,398400000,377600000,None,1056800000,None,-49000000,-400000,48600000,1394800000,798600000,7200000,103600000,1105900000,234800000,49000000,743200000,943400000,1154500000,1258100000,871100000,ROP
2019-09-30,USD,873600000,1354500000,480900000,480900000,385200000,488400000,None,488400000,None,-48800000,48800000,48800000,1354500000,1500000,12500000,93800000,337900000,60400000,48800000,277500000,235600000,386700000,480500000,277500000,ROP
2019-06-30,USD,850000000,1330300000,480300000,480300000,368400000,481600000,None,481600000,None,-45100000,45100000,45100000,1330300000,-1000000,11700000,86500000,322300000,72600000,45100000,249700000,221100000,367400000,453900000,249700000,ROP
2019-03-31,USD,810600000,1287200000,476600000,476600000,346400000,464200000,None,427500000,None,-43700000,None,43700000,1406800000,116500000,11700000,82900000,419200000,49600000,43700000,369600000,398300000,462900000,545800000,369600000,ROP
2018-12-31,USD,873100000,1376300000,503200000,503200000,364400000,508700000,316800000,889700000,None,-47300000,None,47300000,1376300000,None,12200000,64200000,318100000,61000000,47300000,364400000,213400000,365400000,429600000,257100000,ROP
2018-09-30,USD,840000000,1318700000,478700000,478700000,377500000,462500000,None,468900000,None,-48400000,None,48400000,2621500000,-17500000,12100000,6400000,311600000,64000000,64300000,247600000,252600000,360000000,366400000,247600000,ROP
2018-06-30,USD,815900000,1293700000,477800000,477800000,354300000,461600000,None,468000000,None,-43200000,None,43200000,1293700000,2300000,12600000,6400000,313400000,85000000,43200000,228400000,152200000,356600000,363000000,228400000,ROP
2018-03-31,USD,750500000,1202500000,452000000,452000000,300200000,450300000,None,530500000,None,-43200000,None,43200000,1202500000,-1700000,12600000,80200000,255300000,44000000,43200000,211300000,269100000,298500000,378700000,211300000,ROP
2017-12-31,USD,765100000,1226600000,461500000,461471000,346900000,418200000,281100000,773163000,None,-43365000,35000,43400000,1226600000,-877000,12700000,73934000,303400000,-140500000,43365000,346983000,434900000,346800000,420734000,443900000,ROP
2017-09-30,USD,726400000,1159900000,433500000,433492000,310800000,415600000,None,415673000,None,-45523000,-23000,45500000,1159900000,None,12500000,74332000,264600000,74300000,45523000,190273000,257800000,310100000,384432000,190300000,ROP
2017-06-30,USD,705700000,1134700000,429000000,429021000,294200000,411500000,None,411392000,None,-45813000,-13000,45800000,1134700000,6969000,11900000,74188000,255400000,75900000,45813000,179556000,229100000,301200000,375388000,179500000,ROP
2017-03-31,USD,667600000,1086300000,418700000,418691000,258300000,409300000,None,482356000,None,-45865000,35000,45900000,1086300000,-1047000,12400000,72998000,211300000,53200000,45865000,158071000,188500000,257200000,330198000,158100000,ROP
2016-12-31,USD,626878000,1010785000,383907000,383922000,289104000,337727000,195400000,587179000,None,-30483000,41000,30524000,-2900000,-355000,9346000,54005000,258259000,76178000,30483000,289104000,105809000,288783000,342788000,182081000,ROP
2016-09-30,USD,578493000,945144000,366651000,366651000,267390000,311103000,None,311103000,None,-26800000,None,26800000,-871000,-534000,8902000,49430000,240056000,72977000,27671000,167079000,176133000,266856000,316286000,167079000,ROP
2016-06-30,USD,567520000,931558000,364038000,364038000,253078000,314442000,None,314442000,None,-26863000,None,26863000,None,-1334000,9350000,50170000,224881000,66812000,26863000,158069000,111599000,251744000,301914000,158069000,ROP
2016-03-31,USD,559519000,902423000,342904000,342904000,244991000,314528000,None,364077000,None,-27413000,None,27413000,None,-129000,9702000,49549000,217449000,66033000,27413000,151416000,153159000,244862000,294411000,151416000,ROP
2015-12-31,USD,579091000,943640000,364549000,364549000,278677000,300414000,164200000,581784000,None,-23843000,None,23843000,-71560000,60600000,9731000,46310000,315434000,106837000,23843000,278677000,173290000,339277000,385587000,208597000,ROP
2015-09-30,USD,533483000,883933000,350450000,350450000,250371000,283112000,None,283112000,None,-20369000,None,20369000,0,251000,9037000,41008000,230253000,69836000,20369000,160417000,110733000,250622000,291630000,160417000,ROP
2015-06-30,USD,533911000,889541000,355630000,355630000,251974000,281937000,None,281937000,None,-20177000,None,20177000,None,-1520000,9537000,40330000,230277000,58997000,20177000,171280000,208492000,250454000,290784000,171280000,ROP
2015-03-31,USD,518161000,865281000,347120000,347120000,246896000,271265000,None,309693000,None,-19836000,None,19836000,None,-679000,9880000,38428000,226381000,70608000,19836000,155773000,62700000,246217000,284645000,155773000,ROP
2014-12-31,USD,565741000,946145000,380404000,380404000,283749000,281992000,147900000,469107000,None,-19285000,None,19285000,None,-422000,10448000,39215000,264042000,78106000,19285000,283749000,124689000,283327000,322542000,185936000,ROP
2014-09-30,USD,524040000,884122000,360082000,360082000,245658000,278382000,None,278382000,None,-20013000,None,20013000,None,552000,10353000,39684000,226197000,70687000,20013000,155510000,94755000,246210000,285894000,155510000,ROP
2014-06-30,USD,523182000,885175000,361993000,361993000,246666000,276516000,None,276516000,None,-19512000,None,19512000,None,-930000,10423000,37456000,226224000,68863000,19512000,157361000,177164000,245736000,283192000,157361000,ROP
2014-03-31,USD,488936000,834052000,345116000,345116000,223400000,265536000,None,325402000,None,-19827000,None,19827000,None,1420000,9666000,40039000,204993000,57767000,19827000,147226000,134415000,224820000,264859000,147226000,ROP
2013-12-31,USD,533220000,889173000,355953000,355953000,258089000,275131000,145700000,521972000,None,-20115000,None,20115000,-3900000,-645000,9487000,41226000,237329000,71626000,20115000,258089000,160468000,257444000,298670000,165703000,ROP
2013-09-30,USD,482625000,827810000,345185000,345185000,219349000,263276000,None,287981000,None,-24705000,None,24705000,0,409000,9527000,40530000,195053000,58730000,24705000,136323000,168225000,219758000,260288000,136323000,ROP
2013-06-30,USD,445507000,784010000,338503000,338503000,179746000,265761000,None,288122000,None,-22361000,None,22361000,None,2536000,9400000,38660000,159921000,48568000,22361000,111353000,107721000,182282000,220942000,111353000,ROP
2013-03-31,USD,421576000,737135000,315559000,315559000,185177000,236399000,None,304333000,None,-20858000,None,20858000,None,-2492000,9342000,34936000,161827000,36913000,20858000,124914000,86425000,182685000,217621000,124914000,ROP
2012-12-31,USD,466361000,809910000,343549000,343549000,225242000,241119000,125900000,459447000,None,-20509000,None,20509000,0,106000,9486000,35111000,204839000,61309000,20509000,225242000,145919000,225348000,260459000,143530000,ROP
2012-09-30,USD,416555000,747641000,331086000,331086000,183257000,233298000,None,261236000,None,-16456000,None,16456000,-1043000,-2423000,9452000,30678000,164378000,47670000,17499000,116708000,153103000,180834000,211512000,116708000,ROP
2012-06-30,USD,397608000,724872000,327264000,327264000,178784000,218824000,None,243650000,None,-15077000,None,15077000,None,-574000,9501000,26861000,163133000,48320000,15077000,114813000,81605000,178210000,205071000,114813000,ROP
2012-03-31,USD,391193000,711066000,319873000,319873000,170304000,220889000,None,272935000,None,-15483000,None,15483000,None,-490000,9449000,26609000,154331000,46022000,15483000,108309000,127470000,169814000,196423000,108309000,ROP
2011-12-31,USD,405849000,739204000,333355000,333355000,187354000,218495000,121700000,420409000,None,-15383000,None,15383000,0,-548000,9111000,26897000,171423000,49747000,15383000,187354000,109795000,186806000,213703000,121676000,ROP
2011-09-30,USD,382556000,712705000,330149000,330149000,167215000,215341000,None,238374000,None,-15373000,None,15373000,0,690000,8804000,27381000,152532000,42251000,15373000,110281000,82535000,167905000,195286000,110281000,ROP
2011-06-30,USD,377063000,699871000,322808000,322808000,163970000,213093000,None,236989000,None,-16196000,None,16196000,None,7243000,9609000,25802000,155017000,48706000,16196000,106311000,98550000,171213000,197015000,106311000,ROP
2011-03-31,USD,350096000,645309000,295213000,295213000,142000000,208096000,None,258537000,None,-16696000,None,16696000,None,711000,9256000,25645000,126015000,37036000,16696000,88979000,126189000,142711000,168356000,88979000,ROP
2010-12-31,USD,371865000,679479000,307614000,307614000,166158000,205707000,102400000,385385000,None,-16925000,None,16925000,None,-788000,9457000,25453000,148445000,41134000,16925000,166158000,98775000,165370000,190823000,107311000,ROP
2010-09-30,USD,321749000,605088000,283339000,283339000,128233000,193516000,None,216950000,None,-17134000,None,17134000,None,2631000,9110000,23732000,113730000,29467000,17134000,84263000,121100000,130864000,154596000,84263000,ROP
2010-06-30,USD,301947000,567104000,265157000,265157000,119187000,182760000,None,205153000,None,-16293000,None,16293000,None,-1657000,8752000,19785000,101237000,29956000,16293000,71281000,54264000,117530000,137315000,71281000,ROP
2010-03-31,USD,279565000,534441000,254876000,254876000,100716000,178849000,None,214715000,None,-16181000,None,16181000,None,447000,9409000,19685000,84982000,25257000,16181000,59725000,28474000,101163000,120848000,59725000,ROP
2009-12-31,USD,291412000,553638000,262226000,262226000,120768000,170644000,83400000,259741000,None,-16836000,None,16836000,None,None,8335000,18998000,103931000,32007000,17239000,120768000,71924000,120767000,139765000,71924000,ROP
2009-09-30,USD,245520000,485676000,240156000,240156000,91872000,153648000,None,168085000,None,-14437000,None,14437000,None,105000,8308000,17199000,77540000,21130000,14437000,56410000,73162000,91977000,109176000,56410000,ROP
2009-06-30,USD,255070000,504910000,249840000,249840000,95964000,159106000,None,172868000,None,-13762000,None,13762000,None,None,8751000,25602000,85370000,25782000,13762000,59588000,104247000,99132000,99132000,59588000,ROP
2009-03-31,USD,251136000,505444000,254308000,254308000,86792000,164344000,None,164344000,None,None,None,13509000,None,None,8769000,26226000,72927000,21368000,None,None,None,86436000,113018000,51559000,ROP
2008-12-31,USD,297808000,575862000,278054000,278054000,119055000,178753000,87400000,178753000,None,None,None,18677000,None,None,9125000,27745000,105546000,34675000,None,None,None,124223000,145105000,70871000,ROP
2008-09-30,USD,308760000,593100000,284340000,284340000,132299000,176461000,None,176461000,None,None,None,16122000,None,None,8585000,26591000,113341000,39312000,None,None,None,129463000,161726000,74029000,ROP
2008-06-30,USD,305330000,594414000,289084000,289084000,126541000,178789000,None,178789000,None,None,None,12055000,None,None,None,25251000,113850000,39327000,None,None,None,125905000,152428000,74523000,ROP
2023-12-31,USD,267000000,2306000000,2039000000,1229000000,-89000000,780000000,253000000,1064000000,None,51000000,None,151000000,2303000000,-101000000,29000000,30000000,-137000000,17000000,None,-156000000,-13000000,-89000000,-59000000,-154000000,DASH
2023-09-30,USD,240000000,2164000000,1924000000,1156000000,-108000000,738000000,250000000,1018000000,None,40000000,40000000,None,2164000000,-1000000,31000000,30000000,-67000000,6000000,None,-75000000,-150000000,-108000000,-78000000,-73000000,DASH
2023-06-30,USD,152000000,2133000000,1981000000,1135000000,-211000000,812000000,269000000,1115000000,None,34000000,34000000,None,2133000000,-4000000,33000000,34000000,-179000000,-9000000,None,-172000000,-179000000,-211000000,-177000000,-170000000,DASH
2023-03-31,USD,149000000,2034000000,1885000000,1069000000,-171000000,781000000,231000000,1047000000,None,-1000000,28000000,1000000,2035000000,-1000000,33000000,33000000,-144000000,17000000,1000000,-162000000,-110000000,-143000000,-110000000,-161000000,DASH
2022-12-31,USD,-38000000,1822000000,1860000000,1014000000,-370000000,721000000,250000000,1097000000,None,-1000000,17000000,1000000,1818000000,-305000000,30000000,32000000,-657000000,-17000000,1000000,-642000000,-381000000,-656000000,-624000000,-640000000,DASH
2022-09-30,USD,-9000000,1701000000,1710000000,931000000,-308000000,734000000,226000000,1005000000,None,0,9000000,0,1701000000,-2000000,29000000,45000000,-300000000,-5000000,0,-296000000,-480000000,-300000000,-255000000,-295000000,DASH
2022-06-30,USD,-7000000,1607000000,1614000000,880000000,-273000000,715000000,205000000,939000000,None,-1000000,5000000,1000000,1608000000,-3000000,27000000,19000000,-272000000,-9000000,1000000,-263000000,-356000000,-271000000,-252000000,-263000000,DASH
2022-03-31,USD,27000000,1454000000,1427000000,763000000,-173000000,659000000,148000000,812000000,None,0,1000000,0,1456000000,5000000,27000000,3000000,-167000000,0,0,-167000000,-177000000,-167000000,-164000000,-167000000,DASH
2021-12-31,USD,17000000,1297000000,1280000000,635000000,-154000000,637000000,133000000,779000000,None,-1000000,1000000,1000000,1300000000,1000000,22000000,3000000,-153000000,2000000,1000000,-155000000,-159000000,-152000000,-149000000,-155000000,DASH
2021-09-30,USD,53000000,1275000000,1222000000,585000000,-100000000,634000000,115000000,752000000,None,0,None,0,1275000000,-1000000,20000000,3000000,-101000000,0,0,-101000000,-101000000,-101000000,-98000000,-101000000,DASH
2021-06-30,USD,34000000,1235000000,1201000000,555000000,-99000000,643000000,100000000,746000000,None,-1000000,None,1000000,1236000000,0,20000000,3000000,-100000000,2000000,1000000,-102000000,-102000000,-99000000,-96000000,-102000000,DASH
2021-03-31,USD,-36000000,1049000000,1085000000,563000000,-99000000,502000000,82000000,588000000,None,-12000000,2000000,12000000,1077000000,0,18000000,4000000,-109000000,1000000,12000000,-110000000,-110000000,-97000000,-93000000,-110000000,DASH
2020-12-31,USD,501000000,970000000,469000000,469000000,-305000000,219000000,209000000,806000000,None,-9000000,1000000,10000000,None,3000000,17000000,31000000,-311000000,1000000,None,-312000000,-313000000,-301000000,-270000000,-312000000,DASH
2020-09-30,USD,497000000,879000000,382000000,382000000,-35000000,167000000,41000000,532000000,None,-8000000,1000000,9000000,None,1000000,14000000,34000000,-42000000,1000000,None,-43000000,-44000000,-33000000,1000000,-43000000,DASH
2020-06-30,USD,352000000,675000000,323000000,323000000,27000000,88000000,38000000,325000000,None,-7000000,2000000,9000000,None,3000000,12000000,31000000,23000000,0,None,23000000,22000000,32000000,63000000,23000000,DASH
2020-03-31,USD,168000000,362000000,194000000,194000000,-123000000,82000000,33000000,291000000,None,-1000000,3000000,4000000,None,-4000000,9000000,24000000,-128000000,1000000,None,-129000000,-126000000,-124000000,-100000000,-129000000,DASH
